3142 4984
1174 508 1249 516 ..-.
1344 471 1423 535 39
1514 505 1595 519 ..-

231 641 529 720 quoniam
578 661 824 708 summa
869 642 1257 726 argumenti,
1310 661 1437 722 qua
1476 642 1704 724 templi
1746 641 2058 724 originem
2105 638 2546 723 explicaturus

231 754 337 814 est
379 749 510 830 ille,
558 768 701 814 cum
744 751 828 816 ad
860 750 1227 832 Apollinem
1271 751 1478 832 deum,
1526 749 1593 815 in
1630 768 1850 832 pugna
1894 749 2174 815 Actiaca
2210 747 2546 831 praesenti

228 857 475 922 auxilio
538 859 773 940 populo
830 859 1118 923 Romano
1179 857 1533 939 faventem,
1596 861 1732 922 tum
1793 857 1878 924 ad
1922 858 2290 940 Augustum
2335 855 2544 938 ipsum

238 970 518 1048 spectat,
567 985 753 1046 quem
798 966 1162 1032 numinibus
1222 967 1481 1032 deorum
1533 984 1754 1047 parem
1810 965 1917 1031 vel
1954 965 2116 1031 adeo
2155 965 2550 1046 superiorem

229 1092 454 1138 omnes
499 1074 677 1140 illius
719 1075 965 1140 aetatis
1009 1073 1335 1140 Romanos
1380 1073 1655 1139 coluisse
1699 1077 1921 1139 notum
1965 1077 2086 1155 est,
2135 1077 2270 1140 tam
2313 1074 2548 1157 grandi

226 1182 553 1262 prooemio
611 1201 791 1247 usum
845 1199 985 1248 esse
1043 1187 1302 1263 poetam
1350 1185 1419 1246 et
1473 1183 1540 1246 in
1586 1182 1869 1264 Augusti
1922 1182 2149 1249 laudes
2198 1181 2547 1248 deflexisse

229 1308 494 1356 carmen
550 1290 777 1356 mirum
838 1308 979 1356 esse
1034 1309 1162 1355 non
1220 1294 1458 1371 potest.
1549 1291 1768 1370 Atque
1826 1291 1951 1355 hac
2007 1290 2148 1372 ipsa
2213 1291 2292 1356 de
2349 1308 2547 1355 causa

230 1397 645 1478 Propertium
689 1397 957 1480 gravius
1016 1416 1085 1462 53
1130 1401 1328 1478 atque
1377 1399 1712 1464 sublimius
1757 1402 2049 1464 tractare
2096 1403 2547 1481 argumentum

229 1506 538 1571 habuisse
582 1524 959 1587 persuasum
1004 1506 1238 1572 docent
1280 1524 1388 1572 vv.
1442 1510 1723 1572 11—14:

549 1635 748 1702 „Musa,
785 1634 1022 1688 Palatini
1060 1635 1344 1688 referemus
1382 1635 1650 1704 Apollinis
1691 1634 1898 1688 aedem:

747 1725 853 1778 Res
892 1727 989 1790 est,
1030 1725 1285 1794 Calliope,
1326 1725 1485 1794 digna
1523 1725 1704 1780 favo-re
1739 1727 1850 1778 tu0.

544 1815 786 1870 Caesaris
822 1815 877 1868 in
914 1831 1102 1868 nomen
1144 1815 1409 1870 ducuntur
1443 1816 1702 1870 carmina:
1741 1815 1934 1869 Caesar

752 1906 893 1958 Dum
935 1906 1158 1970 canitur,
1196 1921 1409 1973 qnaesO,
1446 1907 1691 1976 Juppiter
1725 1905 1838 1974 ipse
1875 1908 2074 1958 vaces.“

230 2015 462 2079 collati
506 2033 648 2080 eum
693 2017 1234 2083 antecedentibus
1262 2036 1385 2090 .vv.
1437 2024 1665 2084 1—10.

446 2122 670 2204 Neque
713 2125 909 2191 etiam
950 2126 1017 2190 in
1058 2126 1331 2208 singulis
1374 2125 1562 2191 huius
1599 2124 1907 2207 prooemii
1935 2122 2152 2190 verbis
2183 2141 2325 2188 cum
2351 2121 2550 2187 Luet-

225 2231 519 2314 johanne
566 2235 958 2301 haerendum
1010 2253 1151 2301 esse
1190 2234 1467 2301 videtur.
1547 2234 1709 2299 Nam
1747 2233 1860 2298 ille
1902 2233 1958 2298 si
2000 2236 2240 2313 monet,
2286 2250 2430 2296 cum
2472 2230 2551 2296 de

234 2341 563 2421 Apollinis
605 2342 897 2408 Palatini
942 2343 1050 2409 vel
1082 2344 1323 2425 templo
1354 2344 1463 2409 vel
1493 2343 1664 2408 ludis
1692 2341 1939 2425 grande
1975 2358 2236 2406 carmen
2263 2339 2554 2405 editurus
2591 2362 2599 2367 ·

238 2450 329 2514 sit
375 2455 589 2533 poeta,
656 2451 808 2531 quid
855 2449 1271 2534 „Philetaeo's
1315 2452 1688 2534 corymbos“
1740 2454 1810 2515 et
1859 2449 2270 2531 „Cyrenaeas
2308 2454 2549 2529 aquas“

237 2562 494 2640 crepat,
554 2577 660 2624 res
712 2560 795 2624 ab
855 2560 1225 2642 argumenti
1282 2561 1619 2642 gravitate
1664 2559 1963 2640 absonaS,
2013 2558 2096 2623 ab
2159 2576 2232 2622 eo
2294 2561 2553 2623 tantum

238 2667 666 2748 usurpandaS,
728 2667 838 2746 qui
884 2669 1172 2733 carmina
1217 2667 1536 2734 amatoria
1585 2666 1673 2731 sit
1729 2665 2214 2746 composituruS,
2279 2683 2407 2730 11011
2459 2665 2554 2731 111-

92 2779 107 2864 (
239 2773 581 2839 1311311553
642 2775 921 2856 videtur,
980 2779 1239 2856 poetam
1289 2774 1390 2839 his
1446 2773 1665 2840 verbis
1722 2772 2110 2856 significare,
2174 2790 2244 2838 se
2297 2771 2554 2837 illorum

243 2888 540 2947 secutum
566 2882 925 2964 exemplum
950 2881 1350 2948 tenuioribus
1378 2881 1632 2963 elegiae
1661 2881 1866 2945 modis
1901 2898 2007 2945 res
2043 2879 2377 2963 graviores
2412 2897 2556 2945 esse

244 2993 706 3072 tractaturum,
754 2992 861 3056 cui
904 2991 1000 3056 rei
1040 2991 1380 3056 admodum
1425 2989 1820 3070 respondent
1863 3007 1968 3054 vv.
2024 2995 2060 3054 '7
2105 2992 2175 3054 et
2220 2995 2279 3072 8,
2328 2989 2557 3069 quibus

98 3079 103 3146 ἕ*
246 3102 323 3164 111
362 3097 480 3180 IV,
535 3105 589 3181 1,
636 3104 672 3162 3
722 3104 790 3164 et
834 3105 873 3164 8
918 3117 988 3163 se
1031 3099 1304 3180 primum
1344 3098 1740 3164 Graecorum
1778 3097 1998 3162 modos
2039 3097 2306 3162 Romam
2345 3101 2559 3161 trans-

99 3194 108 3264 l
246 3206 481 3270 tulisse
524 3205 862 3288 gloriatur.

457 3333 683 3414 Neque
747 3335 973 3417 magis,
1035 3337 1111 3398 ut
1150 3333 1235 3399 ad
1277 3332 1754 3414 perorationem
1813 3337 2240 3414 transeamus,
2299 3349 2560 3398 carmen

250 3442 541 3524 Augusti
582 3443 881 3508 laudibus
916 3441 1230 3523 concludi,
1274 3441 1505 3506 mirum
1544 3459 1690 3506 esse
1706 3444 1944 3522 potest,
1987 3440 2137 3519 quia
2159 3440 2345 3506 varia
2369 3459 2562 3523 argu-

151 3594 157 3603 ·
248 3554 474 3615 menta
514 3551 579 3614 in
622 3551 939 3633 Caesaris,
982 3551 1087 3616 dei
1120 3551 1186 3614 in
1231 3554 1411 3614 terra
1454 3549 1821 3630 praesentis
1855 3549 2112 3613 laudem
2140 3547 2399 3614 deflecti
2434 3550 2561 3614 usi-

249 3657 646 3723 tatissimum
690 3658 892 3725 fuisse
951 3664 1019 3724 et
1063 3663 1423 3724 ceterorum
1480 3657 1656 3723 illius
1711 3658 1860 3724 aevi
1902 3662 2238 3738 poetarum
2279 3659 2566 3726 carmina

253 3767 494 3832 docent
548 3772 615 3832 et
676 3769 883 3833 nostri
940 3767 1055 3849 IV,
1120 3773 1177 3833 3.
1237 3774 1338 3833 10.
1383 3767 1534 3834 3113.
1627 3766 1813 3849 Quod
1863 3785 2005 3832 cum
2049 3765 2190 3831 fieri
2233 3767 2568 3835 videamus

147 3868 156 3877 '
254 3875 337 3940 115
376 3875 444 3940 111
486 3876 893 3953 carminibus,
941 3877 1171 3956 quibus
1200 3875 1498 3958 tangitur
1525 3877 1729 3956 modo,
1778 3879 1851 3940 ut
1879 3875 1976 3941 ita
2009 3875 2238 3957 dicam,
2284 3877 2568 3960 Augusti

151 4050 156 4059 ,
256 4002 514 4067 110111311,
575 3985 695 4050 hoc
752 3991 974 4050 nostro
1033 3985 1338 4068 carmine,
1400 4002 1523 4064 quo
1569 3984 1650 4048 de
1692 3983 2014 4065 Apollinis
2055 3983 2345 4050 Palatini
2386 3986 2568 4052 aedis

258 4092 485 4174 agitur
521 4093 789 4176 origine,
831 4095 1013 4178 cujus
1054 4094 1109 4159 si
1136 4112 1359 4160 verum
1391 4091 1778 4173 quaerimus,
1821 4096 2050 4157 auctor
2084 4096 2186 4157 est
2212 4093 2567 4177 AugustUS,

173 4287 174 4290 Ἴ
260 4201 405 4266 fieri
452 4220 717 4268 necesse
764 4209 926 4268 erat.
999 4202 1254 4268 Deinde
1294 4201 1372 4266 el.
1420 4201 1500 4282 V,
1546 4207 1583 4267 2
1611 4200 1826 4265 exitus
1852 4198 2212 4264 simillimus
2237 4200 2570 4282 aptissime

261 4315 487 4379 nostro
544 4311 613 4376 in
672 4311 956 4377 carmine
1012 4309 1490 4392 perorationem
1546 4307 1615 4372 in
1669 4307 1954 4390 Augusti
2012 4307 2268 4373 laudem
2315 4309 2574 4376 deflecti

264 4420 651 4486 documento
706 4438 849 4486 esse
909 4423 1147 4500 potest.
1237 4417 1330 4483 Ut
1389 4416 1557 4482 enim
1602 4418 1764 4482 haec
1815 4414 2047 4497 elegia,
2095 4434 2262 4495 quae
2301 4417 2368 4482 in
2412 4417 2572 4484 Ver·

204 4529 477 4664 pptnmni
535 4528 638 4593 dei
692 4529 966 4594 nominis
1022 4527 1272 4608 origine
1331 4526 1716 4607 explicanda
1772 4529 2093 4606 versatur,
2156 4523 2222 4589 in
2277 4523 2574 4610 Mamuri,

169 4674 176 4689 .
251 4634 292 4652 ‘³
2232 4645 2303 4696 3*

2518 4941 2536 4961 “,
2563 4952 2586 4959 -
2597 4938 2765 4959 -.μὶ-
