3142 4984
1312 417 1734 476 ..61-

365 587 564 651 datae
610 591 763 650 sunt
804 584 1045 649 rationi
1081 584 1245 650 satis
1278 585 1586 666 lascivae,
1632 601 1823 664 quam
1865 600 2023 664 prae
2061 601 2130 648 se
2175 582 2395 648 ferunt
2417 580 2672 663 elegiae

364 691 722 758 amatoriae
798 709 952 758 vere
1016 691 1487 774 Propertianae
1504 742 1521 775 ,
1603 709 1765 772 quas
1830 689 2148 770 diximus3
2228 689 2398 770 quod
2458 693 2678 754 autem

364 801 611 867 attinet
654 800 739 865 ad
773 817 1076 866 versuum
1113 800 1528 883 elegantiam,
1568 798 1869 880 quoniam
1893 797 2236 880 posteriori
2279 796 2419 862 fere
2443 796 2679 862 amoris

364 909 746 991 tempestati
806 926 918 974 eas
974 927 1116 975 esse
1170 908 1591 974 ascribendas
1649 907 1911 988 puellae
1955 905 2169 987 vitae,
2224 923 2416 986 quam
2461 905 2679 970 adum-

366 1020 561 1083 brant
621 1016 806 1098 illae,
877 1016 1167 1082 condicio
1232 1016 1578 1082 inhonesta
1650 1017 2083 1096 demonstrat,
2157 1033 2284 1080 non
2341 1020 2479 1080 tam
2539 1032 2680 1078 cum

366 1127 574 1192 tribus
618 1125 939 1207 prioribus
982 1124 1165 1190 libris
1208 1143 1401 1205 quam
1444 1143 1588 1191 cum
1633 1124 1729 1194 [V
1779 1123 2215 1189 consentiunt.

576 1254 795 1338 Quare
839 1254 895 1320 si
939 1254 1261 1349 carmina,
1323 1273 1487 1336 quae
1532 1254 1673 1320 sola
1713 1252 1866 1319 huic
1911 1253 1954 1318 1.
1999 1251 2058 1317 V
2112 1256 2265 1318 sunt
2305 1249 2679 1316 inserenda:

375 1371 429 1446 1,
479 1369 735 1432 1-70,
782 1369 856 1446 1,
920 1368 1260 1430 71—150.
1317 1369 1373 1431 2.
1439 1368 1499 1428 3.
1560 1366 1622 1429 4.
1678 1368 1735 1427 6.
1800 1367 1857 1427 ¹7.
1907 1366 1962 1429 9.
2010 1367 2109 1428 10.
2161 1366 2234 1426 11
2296 1362 2682 1440 spectamus,

366 1472 641 1554 primum
686 1473 858 1538 hunc
916 1471 1151 1537 librum
1216 1476 1596 1564 extremum*
1640 1469 1945 1536 exhibere
1996 1486 2203 1552 genus
2247 1467 2600 1533 carminum
2644 1484 2685 1530 a

366 1567 649 1661 priorum
692 1579 997 1645 librorum
1042 1578 1291 1662 elegiiS,
1336 1579 1505 1659 quod
1546 1577 1794 1643 attinet
1837 1577 1922 1642 ad
1947 1579 2338 1660 argumenta
2379 1579 2448 1640 et
2475 1579 2684 1640 artem

368 1687 705 1753 metricam
748 1687 945 1769 plane
990 1687 1346 1769 diversum,
1408 1686 1642 1752 deinde
1686 1685 2024 1766 utriusque
2068 1684 2258 1750 huius
2299 1683 2686 1750 discriminis

369 1814 632 1862 causam
671 1814 811 1861 esse
854 1795 1135 1877 positam
1194 1795 1262 1860 111
1320 1797 1752 1876 tempestate,
1815 1812 1942 1874 qua
1993 1792 2256 1859 condita
2313 1796 2466 1857 sunt
2526 1793 2686 1855 haec

370 1903 661 1970 carmina
706 1903 930 1983 liquet.
1000 1903 1164 1968 Nam
1210 1906 1738 1986 argumentorum
1783 1902 2104 1968 severitas
2147 1906 2346 1981 atque
2389 1900 2687 1983 gravitas

373 2011 739 2093 explicatur
802 2029 877 2076 eo
895 2060 911 2093 ,
983 2011 1153 2091 quod
1211 2011 1593 2092 Propertius
1653 2009 1928 2077 Veneris
2002 2009 2238 2076 castris
2293 2008 2545 2075 relictis
2603 2008 2686 2072 ad

338 2119 759 2196 *severiorem
798 2119 979 2184 vitae
1022 2119 1343 2184 rationem
1400 2137 1471 2184 se
1526 2119 1918 2200 applicavit,
1977 2122 2176 2198 atque
2228 2117 2325 2183 rei
2377 2115 2689 2181 metricae

372 2227 705 2310 elegantia
767 2244 841 2292 eo
860 2277 875 2304 ‚
944 2227 1111 2307 quod
1166 2244 1290 2306 quo
1344 2225 1590 2292 dintius
1652 2230 1954 2292 versatus
2013 2229 2114 2291 est
2170 2225 2238 2290 in
2297 2223 2687 2290 carminibus

344 2335 749 2418 'condendiS,
796 2353 871 2400 eo
916 2335 1122 2418 magis
1165 2336 1249 2401 ad
1271 2334 1731 2417 perfectiorem
1759 2333 2163 2416 popularium
2187 2352 2442 2400 suorum
2480 2337 2689 2398 artem

374 2463 443 2512 se
486 2442 1017 2511 accommodavit.

673 2615 806 2687 IV.
870 2615 983 2687 De
1023 2614 1206 2686 libri
1251 2615 1318 2685 V
1363 2615 1787 2704 elegiarum
1829 2615 2396 2702 compositione.

578 2744 913 2826 Expositis
972 2744 1185 2810 causis
1202 2795 1218 2827 ,
1274 2764 1316 2811 a
1366 2745 1598 2825 quibus
1656 2745 2016 2828 repetenda
2085 2748 2236 2809 sunt
2295 2744 2688 2828 singulorum

373 2854 681 2919 librorum
726 2853 901 2918 inter
943 2871 1013 2919 se
1054 2853 1445 2935 discrimina,
1488 2854 1574 2919 ad
1604 2859 1905 2934 quartam
1948 2854 2408 2936 disputationis
2436 2858 2691 2936 partem

372 2966 802 3043 transeamuS,
849 2964 924 3026 ut
964 2961 1117 3046 quid
1153 2961 1571 3045 judicandum
1620 2963 1707 3028 sit
1753 2964 1833 3028 de
1881 2981 2100 3030 eorum
2146 2962 2477 3029 sententia
2514 2963 2691 3030 vide-

372 3088 589 3151 amuS,
636 3068 745 3149 qui
783 3069 866 3134 ab
912 3069 1121 3134 altero
1163 3069 1409 3136 formae
1443 3088 1705 3155 genere,
1743 3072 1914 3152 quod
1942 3073 2283 3138 verborum
2308 3075 2506 3151 atque
2548 3089 2690 3136 sen-

375 3175 730 3242 tentiarum
774 3175 1283 3243 conformatione
1328 3179 1649 3260 cernitur,
1694 3179 1846 3245 libri
1889 3178 1948 3244 V
1993 3178 2280 3245 carmina
2324 3197 2446 3244 nec
2486 3177 2693 3260 polita

375 3303 498 3351 nec
564 3284 861 3366 perfecta
923 3302 1065 3350 esse
1129 3287 1551 3353 contendunt.
1655 3289 1874 3368 Atque
1945 3288 2223 3353 omnium
2297 3287 2487 3352 huius
2544 3286 2694 3352 libri

377 3393 735 3474 elegiarum
773 3391 1050 3457 maxime
1094 3395 1398 3459 tentatae
1435 3398 1588 3460 sunt
1629 3395 1882 3478 elegiae
1923 3394 2080 3460 illae
2123 3394 2487 3475 Romanae,
2534 3412 2694 3475 quas

377 3500 653 3566 diximus
665 3549 681 3582 ,
729 3519 871 3565 cum
913 3500 1300 3580 praesertim
1342 3501 1758 3584 Lachmann,
1803 3501 1914 3582 qui
1959 3502 2025 3566 111
2072 3502 2234 3567 adn:
2296 3501 2382 3567 ad
2423 3500 2502 3583 V,
2552 3507 2606 3583 1,
2655 3508 2687 3567 1

376 3626 624 3691 versus,
669 3606 924 3687 quoties
965 3611 1158 3688 rupto
1196 3609 1673 3676 sententiarum
1717 3609 1826 3676 filo
1866 3629 1995 3676 non
2040 3611 2204 3675 bene
2245 3610 2690 3692 cohaererent,

378 3715 611 3794 spatiis
670 3714 1072 3781 intermediis
1114 3715 1340 3782 vacuis
1379 3717 1630 3784 relictis
1693 3736 1764 3784 se
1831 3736 1974 3784 esse
2033 3717 2493 3784 distinctarum
2549 3736 2692 3799 pro-

378 3823 743 3906 nuntiavit,
805 3840 933 3887 non
977 3821 1104 3887 nisi
1147 3822 1215 3888 in
1268 3824 1426 3906 ipsis
1471 3825 1574 3892 his
1619 3827 1723 3892 ell.
1778 3832 1833 3892 1.
1886 3833 1944 3893 2.
1986 3829 2030 3891 4
2072 3831 2228 3892 cett.
2277 3827 2402 3892 hoc
2441 3825 2693 3908 signum

382 3932 724 4014 posuisset.
795 3929 914 3994 Cui
956 3929 1361 4000 Lachmanni
1382 3933 1753 4001 sententiae
1798 3933 1867 3999 in
1897 3934 2267 4001 universum
2297 3932 2695 4016 astipulatur

376 4040 532 4105 Luc.
579 4037 857 4103 Mueller
888 4055 1031 4103 cum
1077 4039 1239 4106 dicit
1274 4041 1341 4108 in
1386 4043 1595 4124 praef.
1633 4062 1693 4125 p.
1736 4041 1943 4108 XIII:
2011 4041 2413 4125 „Identidem
2457 4043 2524 4107 in
2567 4044 2688 4108 hoc

376 4147 495 4235 (V)
537 4146 703 4212 libro
766 4145 919 4210 ordo
965 4148 1435 4215 sententiarum
1482 4150 1693 4216 minus
1736 4154 1890 4232 apte
1933 4149 2228 4232 procedit
2273 4169 2394 4216 nec
2438 4169 2690 4232 semper

379 4254 651 4323 definias
708 4253 1036 4335 Propertii
1091 4254 1158 4321 id
1217 4257 1511 4324 evenerit
1574 4259 1800 4341 culpa·
1831 4276 1918 4324 an
1976 4258 2417 4340 librariorum3
2481 4278 2689 4342 neque

378 4366 549 4433 enim
603 4365 743 4447 ipse
813 4365 979 4430 haec
1034 4366 1322 4434 carmina
1380 4369 1798 4452 quantumvis
1854 4367 2185 4452 castigata
2243 4369 2505 4440 videtur
2558 4390 2686 4439 om-

377 4475 529 4541 nino
572 4471 989 4539 absolvisse.“
1574 4467 1580 4473 ’
