3142 4984
1271 453 1690 513 ...31-

329 623 619 684 secutam
677 623 964 684 testatur
1035 620 1113 684 el.
1153 619 1280 700 III,
1328 618 1411 683 8?
1490 618 1615 682 Illo
1674 622 1893 683 autem
1948 618 2154 682 Roma
2205 618 2479 682 absente
2532 617 2638 684 vel

325 728 644 793 exhausto
685 743 898 792 nonne
943 745 1083 792 eam
1131 727 1216 792 ad
1262 727 1763 792 sustentandam
1801 725 2146 806 luxuriam,
2193 725 2296 792 oui
2341 731 2416 791 ut
2459 725 2636 791 nobi-

325 837 451 900 lem
491 834 776 901 deditam
811 853 953 906 esse
1001 853 1145 899 eam
1190 833 1295 917 (ef.
1334 835 1387 915 Ι,
1436 840 1496 901 2.
1529 834 1610 916 V,
1656 840 1739 918 8.)
1783 834 2095 916 videmUS,
2138 833 2437 913 quoniam
2486 833 2639 900 Pro-

323 943 573 1025 pertius
617 962 845 1009 aurum
888 943 950 1008 ei
990 943 1305 1024 praebere
1352 961 1481 1008 non
1524 942 1775 1024 potuit,
1837 942 2035 1008 alium
2080 944 2399 1022 quendam
2443 961 2637 1023 quae-

323 1051 509 1117 siisse
565 1069 695 1117 non
751 1051 956 1117 solum
1016 1051 1158 1118 veri
1221 1050 1613 1118 simillimum
1630 1099 1647 1131 ,
1724 1050 1839 1115 sed
1906 1056 2411 1117 consentaneum
2482 1055 2585 1118 est
2606 1049 2638 1115 ⁸?

325 1159 431 1244 (ef.
487 1158 577 1241 ΙΙ,
625 1166 684 1241 9,
740 1163 1011 1227 19—24.
1055 1159 1180 1241 ΙΙΙ,
1228 1164 1308 1224 30
1356 1159 1504 1246 ott.)
1567 1159 1629 1222 A
1665 1158 1854 1241 vagis
1897 1177 2052 1225 vero
2096 1160 2331 1240 puellis
2372 1159 2637 1226 vilibus-

323 1286 448 1348 que
491 1268 665 1333 eirea
704 1267 987 1349 compita
1017 1267 1461 1349 prostantibus
1488 1285 1635 1332 eum
1659 1266 1945 1349 Cynthia
1970 1272 2149 1333 certe
2183 1268 2271 1334 sit
2297 1269 2637 1334 eximenda

325 1393 672 1454 earumque
745 1375 961 1456 potius
1035 1375 1375 1440 mulierum
1461 1393 1726 1440 numero
1812 1375 1901 1441 sit
1990 1376 2406 1457 ascribenda,
2478 1394 2639 1454 quas

330 1531 360 1564 „
385 1482 706 1563 equestris
751 1482 1043 1548 ordinis“
1110 1482 1510 1550 facetissime
1552 1484 1850 1566 appellat
1887 1483 2167 1567 Plinius,
2196 1487 2241 1571 ¹)
2283 1484 2634 1567 nobilitati,

323 1596 402 1658 ut,
458 1591 557 1656 ita
615 1591 820 1656 dicam
841 1641 857 1674 ,
934 1591 1033 1656 illi
1051 1642 1066 1673 ,
1126 1609 1318 1671 quam
1359 1591 1596 1672 ubique
1644 1611 1803 1673 prae
1862 1611 1931 1658 se
1991 1592 2159 1676 fert,
2220 1592 2373 1673 quid
2430 1592 2638 1675 magis

325 1700 714 1781 respondere
770 1703 1026 1783 postet,
1093 1719 1288 1781 puam
1352 1701 1544 1769 lenae
1614 1700 1891 1784 alicujus
1950 1701 2192 1766 auxilio
2258 1701 2434 1767 viros
2493 1719 2634 1767 eam

325 1812 637 1888 quaestus
690 1826 887 1873 eausa
925 1808 1235 1873 allexisse
1253 1807 1285 1872 Ρ
1353 1807 1526 1873 Hine
1571 1813 1767 1876 ,certe
1825 1809 2130 1889 querelae
2172 1809 2328 1874 illae
2369 1809 2450 1874 de
2495 1808 2638 1873 auri

323 1916 684 2000 eupiditate
727 1935 769 1981 a
810 1916 1150 1998 Propertio
1180 1917 1479 1998 prolatae
1520 1915 1638 2000 IV,
1690 1922 1786 1999 12,
1841 1923 1872 1982 1
1908 1920 1978 1982 et
2022 1923 2094 1984 2:

738 2047 1065 2113 „Quaeritis,
1112 2047 1252 2101 unde
1286 2047 1459 2102 avidis
1493 2065 1597 2102 nox
1631 2050 1707 2103 sit
1741 2049 1977 2120 pretiosa
2012 2049 2223 2119 puellm,

855 2138 930 2191 Et
959 2139 1156 2192 Venere
1190 2137 1476 2194 exhaustae
1512 2139 1705 2194 damna
1737 2142 2026 2208 querantur
2062 2141 2217 2209 opes“

324 2255 394 2318 et
435 2270 522 2318 vv
563 2256 648 2316 40
695 2255 764 2315 et
807 2255 922 2330 50;
967 2250 1118 2315 111116
1161 2250 1443 2316 fortasse
1484 2256 1716 2332 postea
1761 2251 2111 2316 amicorum
2152 2249 2325 2315 risus
2356 2249 2500 2336 (IV,
2549 2255 2629 2314 25

321 2357 492 2440 init.)
540 2376 683 2422 eum
724 2357 962 2423 iterum
991 2357 1354 2437 iterumque
1396 2357 1464 2424 iu
1505 2359 1629 2424 tali
1665 2358 1886 2439 puella
1929 2357 2200 2424 colenda
2228 2356 2638 2438 Propertium

323 2470 706 2548 occupatum
745 2466 1064 2533 viderent.

536 2573 678 2639 Hoc
735 2573 942 2657 igitur
1001 2574 1107 2639 ell.
1156 2573 1236 2655 V,
1284 2579 1346 2640 5.
1409 2578 1467 2640 7.
1508 2580 1546 2639 8
1593 2573 1944 2656 assmuptis
2004 2572 2115 2655 iis,
2182 2592 2348 2653 quae
2402 2571 2639 2638 similia

321 2681 390 2746 in
435 2681 756 2762 prioribus
802 2686 1068 2747 exstant
1119 2682 1304 2746 libris
1347 2687 1570 2748 nostro
1624 2682 1771 2766 jure
1831 2681 2224 2747 contendere
2279 2698 2634 2762 possumuS,

321 2789 606 2869 puellam
649 2790 736 2855 ad
779 2790 1130 2871 turpiorem
1175 2791 1497 2869 quandam
1536 2788 1717 2855 vitae
1741 2789 2177 2854 condicionem
2224 2807 2367 2856 esse
2414 2789 2634 2868 delap-

323 2915 479 2979 sam,
531 2915 917 2977 quamquam
961 2898 1042 2962 de
1081 2898 1234 2962 lena
1271 2898 1415 2978 ipsa
1443 2904 1710 2979 praeter
1754 2917 1854 2982 ea,
1900 2916 2065 2978 quae
2110 2898 2294 2963 modo
2330 2896 2633 2978 indicavi,

325 3005 527 3070 fuisse
599 3024 743 3070 eam
821 3005 1208 3090 adjutricem
1275 3007 1361 3072 ad
1433 3006 1868 3088 capessendos
1942 3006 2147 3088 virOS,
2235 3007 2398 3072 nihil
2467 3006 2634 3071 certi

323 3111 639 3177 affirmari
675 3116 912 3193 potest.

535 3217 718 3302 Quae
741 3219 797 3284 si
839 3223 1022 3285 reete
1045 3239 1086 3285 a
1127 3239 1228 3286 me
1269 3225 1423 3286 sunt
1448 3220 1665 3301 posita
1701 3224 1995 3304 apparet,
2042 3220 2359 3286 interesse
2390 3219 2635 3300 aliquid

324 3325 502 3391 inter
559 3327 750 3392 huius
803 3331 872 3392 et
917 3327 1200 3409 priorum
1253 3329 1560 3394 librorum
1622 3329 1870 3412 elegias
1923 3328 2305 3412 amatoriaS,
2365 3347 2634 3408 quarum

326 3439 781 3517 argumentum
813 3441 915 3501 est
951 3435 1253 3520 Cynthia.
1319 3437 1449 3502 ΕΠ.
1479 3437 1650 3502 6111111
1692 3443 1728 3502 5
1762 3441 1832 3502 et
1866 3443 1906 3502 8
1932 3455 1973 3502 a
2001 3437 2281 3519 priorum
2326 3437 2634 3502 librorum

329 3542 557 3625 elegiis
576 3543 708 3609 illis
731 3544 927 3610 valde
947 3546 1263 3610 recedunt
1295 3563 1390 3626 e0,
1419 3546 1585 3624 quod
1618 3549 1685 3610 et
1704 3545 2027 3626 perditam
2056 3549 2256 3625 atque
2287 3544 2372 3610 ad
2414 3545 2637 3610 sordes

330 3651 522 3732 plane
546 3651 883 3717 redactam
898 3653 1014 3739 (5.)
1030 3658 1101 3718 et
1118 3651 1554 3734 impudentem
1571 3658 1772 3733 atque
1783 3657 2154 3735 protervam
2172 3654 2268 3740 (8)
2284 3654 2636 3718 ostendunt

327 3758 612 3840 pullam;
651 3760 730 3824 el.
755 3764 974 3826 autem
1019 3765 1076 3842 7,
1123 3779 1288 3840 quae
1309 3761 1504 3826 simili
1545 3763 1801 3828 macula
1824 3781 1951 3828 non
1974 3781 2239 3844 prorsus
2282 3768 2385 3828 est
2426 3761 2634 3828 libera

329 3870 467 3952 (vv.
515 3868 816 3954 15-20)‚
857 3869 940 3934 ab
985 3867 1117 3933 illis
1161 3887 1236 3934 eo
1279 3869 1681 3950 potissimum
1720 3876 2143 3954 segregatur,
2188 3871 2357 3951 quod
2399 3875 2633 3951 poetae

329 3976 599 4059 animus,
646 3995 833 4056 quem
878 3981 1106 4058 utpote
1143 3978 1497 4062 juvenilem
1533 3979 1601 4044 in
1622 3979 1754 4044 illis
1787 3983 1905 4045 aut
1938 3979 2174 4062 gaudio
2196 3979 2634 4045 exsultantem

326 4090 445 4150 aut
467 4085 687 4152 dolore
723 4085 1176 4167 desperantem
1220 4087 1529 4169 videmus,
1574 4088 1644 4152 in
1688 4088 1831 4170 hae,
1873 4106 2000 4167 qua
2041 4088 2297 4169 puellae
2341 4093 2632 4152 mortuae

322 4193 468 4259 laus
499 4193 888 4275 celebratur,
931 4192 1148 4260 furore
1192 4195 1303 4260 illo
1327 4199 1526 4275 atque
1549 4203 1741 4261 aestu
1774 4197 2090 4264 amatorio
2124 4198 2391 4282 solutuS,
2436 4195 2628 4268 affee-

320 4304 502 4365 tuum
548 4300 884 4383 gravitate
927 4302 1195 4368 sedatus
1237 4304 1453 4385 potius
1498 4310 1567 4372 et
1615 4305 1824 4373 virilis
1867 4304 2144 4370 videtur.
