3142 4984
1481 435 1906 504 ,-44-

544 600 1015 684 formationem,
1044 603 1127 668 ab
1160 603 1273 668 illo
1305 601 1553 668 formae
1581 622 1840 686 genere,
1873 607 2042 684 quod
2071 610 2216 670 arte
2245 606 2520 672 metrica
2549 606 2858 686 cernitur,

542 709 799 776 initium
843 710 1110 793 capiam.
1178 710 1307 778 Sed
1351 712 1433 777 de
1477 711 1804 794 Propertii
1849 731 2152 779 versuum
2195 718 2342 780 arte
2385 713 2666 794 quonian
2709 719 2862 796 post

546 817 707 884 Luc.
746 818 1131 886 Muellerum
1157 824 1199 904 ¹)
1234 820 1734 904 diligentissime
1765 821 2232 904 quaesiverunt
2257 822 2789 906 Eschenburgius
2808 823 2862 908 2)

546 929 616 990 61
660 925 1074 1012 Luetjohann
1121 927 1211 1015 (l.
1263 933 1317 993 1.
1356 949 1460 1010 pp.
1509 931 1869 1016 96—104),
1935 947 2082 994 cum
2139 930 2208 995 hi
2252 948 2356 998 vv,
2401 931 2502 996 dd.
2558 931 2863 997 universe

544 1033 631 1099 ad
674 1035 947 1100 eundem
988 1035 1411 1118 pervenerint
1452 1037 1674 1119 finem,
1736 1037 1836 1102 ita
1892 1041 1967 1102 ut
2032 1037 2292 1106 dubium
2344 1039 2482 1122 jam
2541 1057 2668 1104 non
2717 1057 2864 1103 esse

544 1142 781 1224 possit,
836 1143 988 1223 quin
1030 1161 1255 1210 verum
1317 1144 1404 1210 sit
1449 1149 1890 1228 perspectum,
1954 1146 2106 1226 quid
2153 1147 2236 1211 ab
2297 1146 2430 1213 illis
2477 1147 2564 1212 sit
2605 1147 2862 1214 demon-

548 1256 831 1318 stratum
876 1253 1167 1320 breviter
1206 1255 1752 1336 comprehendere
1793 1253 1957 1319 satis
2002 1255 2272 1320 habebO.

752 1361 971 1440 Atque
1016 1378 1263 1426 summa
1303 1361 1831 1429 observationum
1877 1365 1979 1426 est
2022 1361 2215 1426 haec:
2283 1359 2663 1442 Propertius
2719 1379 2864 1426 cum

548 1467 615 1531 in
652 1467 977 1549 prioribus
1004 1469 1191 1534 libris
1219 1469 1585 1535 durioribus
1619 1469 1814 1552 paulo
1846 1472 2076 1535 utatur
2116 1469 2418 1551 numeriS,
2464 1469 2531 1534 in
2553 1469 2866 1550 posterio-

547 1575 726 1641 ribus
798 1594 909 1642 eos
980 1578 1308 1659 gradatim
1390 1578 1656 1660 mitigat
1725 1577 1916 1657 idque
1983 1576 2482 1660 diligentissime
2532 1577 2726 1664 agit,
2790 1583 2868 1643 ut

550 1683 840 1750 carmina
908 1705 1098 1765 quam
1170 1685 1660 1769 elegantissima
1713 1689 1782 1751 et
1860 1705 1902 1750 a
1961 1685 2252 1750 metricis
2334 1685 2612 1751 salebris
2675 1671 2868 1766 quam

550 1791 833 1858 maxime
854 1793 1191 1861 vindicata
1216 1795 1473 1866 condat,
1564 1793 1717 1860 Jam
1752 1793 2076 1878 Luetjoh.,
2123 1793 2234 1873 qui
2278 1795 2368 1858 1..1
2425 1795 2652 1873 quales
2695 1793 2871 1858 inter

550 1901 975 1982 spondeorum
1018 1907 1087 1967 et
1126 1903 1533 1986 dactylorum
1572 1903 1641 1968 in
1681 1902 1960 1986 singulis
2004 1902 2188 1968 libris
2223 1921 2406 1968 usum
2452 1883 2871 1968 intercedant

548 2008 839 2076 rationes
882 2011 1195 2092 exemplis
1247 2011 1573 2093 illustrat,
1634 2010 2144 2094 inelegantiora,
2201 2029 2368 2090 quae
2422 2009 2743 2092 prioribus
2799 2009 2866 2076 in

536 2116 739 2183 libris
794 2117 1036 2200 passim
1090 2118 1539 2200 inveniantur,
1622 2118 1690 2184 in
1753 2123 2042 2184 extremo
2100 2123 2362 2200 poetam
2417 2118 2665 2202 fugisse
2717 2117 2870 2184 inde

554 2243 876 2306 apparere
906 2225 1117 2308 docet,
1148 2226 1316 2306 quod
1346 2226 1414 2290 in
1436 2227 1559 2292 hoc
1588 2227 2015 2306 spondeorum
2039 2225 2346 2296 duritiem
2369 2245 2563 2306 quam
2593 2225 2868 2293 maxime

552 2333 926 2401 evitaverit.
1056 2335 1377 2403 Eschenb.
1442 2339 1694 2416 autem,
1769 2333 1877 2414 qui
1933 2334 1974 2400 1.
2032 2334 2073 2402 l.
2129 2335 2236 2400 ell.
2306 2341 2360 2400 1.
2423 2341 2481 2402 2.
2539 2339 2600 2402 4.
2656 2341 2712 2402 9.
2789 2339 2868 2399 10

556 2460 733 2507 cum·
800 2443 1084 2525 priorum
1176 2442 1483 2508 librorum
1572 2441 1963 2508 carminibus
2071 2447 2438 2525 comparat,
2527 2447 2870 2526 postquam

555 2550 831 2632 primum
873 2549 1148 2618 diversis
1193 2568 1504 2615 caesurae
1542 2549 1924 2632 generibuS,
1981 2549 2216 2616 deinde
2250 2549 2614 2615 hexametri
2658 2551 2872 2615 exitus

554 2659 815 2725 ratione
868 2657 1343 2725 demonstravit
1401 2659 1522 2723 has
1561 2657 1694 2723 illis
1737 2676 1878 2723 esse
1922 2659 2124 2724 multo
2167 2656 2544 2739 limatioreS,
2591 2658 2672 2723 de
2715 2676 2869 2738 pen-

559 2766 825 2833 tametri
868 2767 1012 2850 agit
1037 2766 1237 2849 exitU,
1272 2785 1395 2846 quo
1429 2766 1691 2832 diversa
1735 2765 2010 2832 diversis
2050 2765 2118 2830 in
2163 2766 2347 2832 libris
2385 2766 2555 2831 ratio
2601 2766 2872 2830 metrica

556 2873 839 2940 maxima
882 2873 959 2938 fit
1002 2874 1361 2956 perspicua.
1446 2873 1527 2938 In
1571 2873 1968 2955 pentametri
2009 2872 2180 2939 enim
2225 2873 2406 2940 exitu
2446 2874 2613 2940 liber
2639 2873 2675 2938 I
2706 2892 2870 2944 sum-

565 3000 736 3050 mam
782 2983 1057 3064 praebet
1102 2982 1466 3066 licentiam,
1524 2982 1827 3062 quoniam
1883 2987 2161 3062 quatuor
2201 2982 2602 3065 syllabarum
2659 2981 2874 3048 exitus

562 3089 903 3171 quinquies
960 3094 1029 3155 et
1086 3091 1430 3174 nonagieS,
1506 3090 1705 3155 trium
1769 3090 1870 3155 bis
1943 3095 2011 3156 et
2057 3089 2283 3156 tricies
2345 3095 2698 3172 usurpatus
2753 3096 2870 3156 est.

565 3199 831 3282 „Longe
870 3197 1067 3264 aliter
1108 3217 1215 3264 res
1256 3217 1327 3263 se
1382 3199 1586 3264 habet
1627 3198 1695 3264 in
1742 3197 1925 3263 libris
1967 3197 2036 3263 II
2083 3202 2154 3264 et
2196 3197 2336 3281 ΙΙΙ,
2398 3198 2508 3278 qui
2546 3199 2877 3283 conjuncti

565 3311 843 3388 quatuor
906 3307 1307 3389 syllabarum
1371 3307 1618 3373 exitum
1690 3311 1950 3372 tantum
2011 3307 2255 3388 septies
2297 3312 2366 3372 et
2427 3306 2873 3391 quinquagies,

562 3415 759 3481 trium
784 3414 1123 3497 quinquies
1145 3414 1363 3480 decies
1393 3415 1722 3482 exhibent.
1778 3411 1986 3480 Multo
2013 3413 2215 3479 etiam
2238 3414 2448 3480 minus
2467 3415 2875 3496 Propertium

457 3591 462 3596 ,
562 3522 711 3589 huic
758 3522 1067 3588 licentiae
1122 3522 1469 3589 indulsisse
1526 3523 1820 3590 videmus
1872 3521 1939 3588 in
1997 3523 2044 3588 l.
2081 3522 2198 3604 IV,
2241 3523 2426 3606 cujus
2477 3523 2875 3604 pentametri

566 3631 909 3698 duodecies
972 3631 1043 3696 in
1104 3636 1412 3713 quatuor,
1488 3630 1686 3696 semel
1745 3630 1815 3695 in
1882 3630 2080 3696 trium
2149 3631 2550 3713 syllabarum
2607 3633 2877 3698 verbum

567 3745 822 3809 exeunt.
912 3740 1121 3807 Simili
1157 3742 1264 3809 vel
1308 3739 1549 3806 maiore
1584 3740 1785 3806 etiam
1822 3738 2167 3822 diligentia
2211 3738 2363 3804 libri
2392 3739 2451 3805 V
2481 3740 2877 3821 pentametri

565 3849 917 3932 conscripti
959 3852 1131 3930 sunt,
1191 3849 1261 3912 in
1302 3847 1533 3926 quibus
1574 3849 2024 3931 polysyllabus
2077 3847 2292 3913 exitus
2352 3851 2612 3912 tantum
2666 3846 2878 3912 sexies

563 3961 773 4024 locum
815 3959 1050 4042 habet,
1105 3962 1173 4023 et
1214 3957 1314 4024 ita
1358 3955 1644 4038 quidem,
1686 3959 1761 4020 ut
1805 3960 2081 4034 quatuor
2128 3954 2880 4037 exempla-inveniantur

566 4068 635 4134 in
682 4067 788 4132 ell.
840 4068 901 4136 1.’
942 4073 1001 4135 2.
1044 4070 1105 4134 4.
1151 4073 1209 4133 9.
1258 4071 1396 4132 10.“
1490 4064 1614 4131 His
1673 4063 1988 4145 expositis
2029 4063 2356 4131 Eschenb.
2397 4069 2740 4146 postquam
2798 4064 2880 4129 de

774 4343 813 4410 ¹)
854 4341 918 4398 de
955 4359 1011 4396 re
1044 4345 1197 4396 metr.
1233 4360 1284 4410 p.
1324 4342 1441 4396 289.

768 4435 816 4500 ²)
852 4434 909 4486 in
944 4433 1061 4488 libr.
1098 4434 1248 4488 misc.
1287 4434 1456 4488 Bonn.
1500 4449 1587 4504 pp.
1637 4434 1704 4487 83
1744 4449 1859 4502 sqq.
1909 4435 1964 4486 et
2019 4433 2075 4485 in
2122 4430 2384 4486 observat.
2424 4431 2567 4486 critt.
2613 4429 2668 4482 in
2719 4429 2879 4500 Prop.

568 4523 733 4580 Bonn.
776 4523 924 4578 1865.
