3142 4984
1273 489 1760 552 ..47-.

317 637 610 721 moratae
661 656 854 736 plane
897 656 1288 722 contrariam
1349 657 1787 723 discesserunt
1830 659 2252 739 Eschenburg
2316 662 2384 720 et
2430 657 2626 722 Luet-

310 765 591 847 johann,
663 763 773 843 qui
838 767 906 829 et
961 763 1128 828 artis
1188 765 1498 830 metricae
1539 765 1952 846 praestantia
2010 765 2127 830 illa
2173 769 2241 830 et
2281 765 2495 830 causis
2554 784 2635 830 ex

317 871 600 954 priorum
634 871 941 936 librorum
974 870 1203 954 elegiis
1239 873 1595 954 desumptis
1631 873 1735 939 ell.
1765 879 1817 942 1.
1854 879 1907 940 2.
1944 877 1999 938 4.
2032 878 2200 939 cett.
2244 878 2391 954 post
2418 892 2639 939 omnes

317 978 599 1060 priorum
643 978 949 1044 librorum
995 979 1242 1062 elegias
1303 999 1444 1045 esse
1489 981 1822 1062 conditae,
1879 1000 2126 1046 summa
2170 980 2637 1062 probabilitate

320 1087 593 1154 evicisse
629 1088 752 1152 sibi
786 1070 1108 1156 videntur.
1177 1087 1425 1170 Quibus
1467 1088 1843 1154 constitutis
1867 1090 1946 1153 el.
1991 1094 2015 1152 1
2064 1092 2317 1169 partem
2360 1089 2639 1154 alteram

317 1197 639 1262 Eschenb.
685 1196 970 1278 spuriam
1031 1215 1174 1261 esse
1230 1191 1606 1278 contendit,
1668 1197 1967 1281 Luetjoh.
2012 1202 2227 1262 autem
2292 1198 2373 1262 ab
2430 1196 2635 1262 amico

320 1306 591 1385 quodem
629 1306 713 1370 ad
757 1304 1166 1387 Propertium
1213 1323 1355 1371 esse
1392 1307 1704 1388 scriptam
1749 1299 2133 1388 suspicatur.

529 1411 682 1476 Jam
732 1403 890 1477 tota⁴
917 1413 1040 1476 hac
1085 1411 1464 1490 quaestione
1511 1413 1592 1478 de
1638 1413 2033 1496 discrimine,
2080 1413 2247 1494 quod
2290 1410 2639 1477 intercedit

316 1518 491 1582 inter
549 1519 836 1600 singulos
892 1518 1218 1598 Propertii
1279 1519 1631 1601 elegiarum
1698 1521 1901 1586 libros
1970 1521 2279 1586 instituta
2336 1537 2475 1584 cum
2538 1519 2635 1583 ita

315 1627 570 1692 versari
608 1626 764 1692 mihi
820 1627 1286 1709 proposuerim,
1349 1633 1422 1692 ut
1479 1628 1977 1712 uniuscujusque
2037 1627 2423 1694 discriminis
2480 1645 2629 1692 cau-

319 1753 456 1799 sam
487 1733 896 1816 investigem,
937 1752 1078 1798 cum
1106 1733 1467 1817 dijudicata
1513 1737 1657 1819 hac,
1705 1755 1896 1817 quam
1922 1738 2106 1803 modo
2135 1736 2439 1817 indicavi,
2488 1751 2628 1800 sen-

318 1842 676 1908 tentiarum
721 1842 1164 1923 discrepantia
1207 1843 1485 1910 omnium
1531 1844 1969 1911 discriminum
2012 1846 2225 1911 adhuc
2284 1845 2633 1910 allatorum

316 1970 555 2016 causae
585 1969 903 2032 apparere
948 1950 1102 2015 mihi
1128 1949 1496 2034 videantur,
1543 1971 1672 2033 qua
1717 1958 1943 2020 aetate
1990 1953 2479 2020 conditae-sint
2526 1953 2629 2019 ell.

267 2086 272 2094 ·
319 2061 400 2143 V,
459 2067 510 2126 1.
553 2066 610 2125 2.
653 2065 710 2126 4.
764 2066 820 2128 6.
866 2065 926 2125 9.
981 2065 1056 2122 10
1105 2059 1478 2124 accuratius
1522 2059 1973 2140 inquirendum
2037 2080 2178 2128 esse
2240 2066 2428 2143 pute,
2489 2079 2631 2126 cum

316 2168 703 2251 praesertim
747 2168 833 2234 ad
895 2171 1064 2234 hanc
1099 2168 1543 2248 quaestionem
1590 2171 2082 2253 disceptandam
2125 2191 2253 2238 non
2298 2189 2507 2252 panca
2553 2189 2634 2234 ex

315 2279 429 2362 iis,
511 2297 678 2358 quae
753 2277 834 2342 de
901 2283 1202 2357 quatuor.
1255 2277 1538 2359 priorum
1621 2279 1928 2345 librorum
2008 2281 2237 2364 elegiis
2306 2279 2635 2360 disputavi

313 2387 700 2452 redundent.

521 2494 740 2572 Atque
799 2491 1354 2574 Eschenbergium
1419 2511 1532 2558 suo
1602 2495 1751 2579 Jure
1808 2513 1843 2559 e
1925 2493 2289 2560 rationibus
2346 2491 2633 2557 metricis

317 2617 388 2664 se
437 2600 710 2667 evicisse
768 2598 1143 2664 existimare
1187 2600 1290 2668 ell.
1338 2599 1416 2682 V,
1473 2606 1524 2665 l.
1574 2607 1633 2666 2.
1696 2607 1853 2668 cett.
1910 2601 2217 2667 abdicata
2282 2601 2349 2665 in
2405 2617 2631 2681 perpe-

317 2713 498 2773 tuum
560 2707 844 2791 Cynthia
915 2725 1058 2772 esse
1118 2709 1414 2772 conditas
1469 2727 1509 2774 a
1571 2708 1913 2791 Propertio
1968 2728 2177 2789 neque
2238 2709 2429 2774 fidem
2492 2725 2633 2772 esse

323 2816 688 2880 habendam
757 2814 1229 2898 Luetjohanni,
1289 2815 1398 2894 qui
1450 2816 1492 2880 l.
1549 2816 1591 2881 1.
1649 2837 1712 2898 p.
1774 2822 1855 2882 85
1915 2818 2015 2882 his
2071 2813 2634 2882 observationibus

321 2923 624 3007 exiguum
671 2923 886 2988 inesse
929 2923 1176 3004 pondus
1223 2923 1400 3005 dicit,
1451 2924 1708 2990 ratione
1750 2943 1877 3004 qua
1919 2925 2081 2991 haec
2104 2930 2455 2990 metrorum
2501 2920 2631 2986 ele-

316 3030 548 3115 gantia
593 3031 659 3114 in
714 3031 1110 3113 pentametri
1153 3030 1367 3096 exitus
1421 3032 1929 3099 conformatione
1970 3034 2246 3098 maxime
2291 3029 2635 3114 perspicua

314 3142 383 3205 in
430 3139 706 3222 singulis
746 3139 1104 3220 elegiarum
1148 3139 1332 3207 libris
1377 3140 1657 3223 exsistit,
1706 3140 1903 3207 facile
1942 3141 2351 3224 intelligitur.
2443 3138 2649 3220 Quae¹

313 3249 486 3314 ratio
532 3266 677 3312 cum
721 3265 799 3312 ea
843 3247 958 3328 sit,
1017 3250 1094 3311 ut
1135 3251 1692 3328 pentametrorum
1735 3249 1803 3314 in
1845 3250 2231 3316 vocabulum
2275 3246 2628 3330 polysylla-

313 3358 464 3421 bum
513 3355 886 3420 exeuntium
935 3355 1002 3419 in
1047 3354 1086 3422 1.
1131 3355 1163 3419 Ι
1196 3356 1388 3438 longe
1432 3355 1692 3437 plurimi
1731 3357 2171 3439 inveniantur,
2217 3357 2285 3422 in
2331 3356 2401 3420 II
2428 3361 2498 3420 et
2526 3353 2632 3419 ΠΙ

317 3482 622 3530 numerus
651 3481 868 3529 eorum
903 3463 1106 3528 multo
1145 3465 1349 3529 minor
1378 3463 1516 3547 fiat,
1545 3464 1729 3530 inIV
1758 3470 1827 3530 et
1850 3465 1909 3531 V
1934 3465 2267 3531 rarissima
2288 3467 2633 3529 occurrant

318 3571 648 3652 exempla,
710 3575 780 3635 et
844 3569 1005 3635 illud
1063 3572 1282 3636 elucet
1339 3571 1782 3655 Propertium,
1859 3591 1983 3653 quo
2039 3573 2281 3638 diutius
2336 3571 2633 3637 versibus

315 3678 637 3744 faciendis
682 3697 942 3759 operam
985 3678 1195 3761 dedit,
1257 3679 1557 3746 Ovidium
1604 3681 1917 3746 imitando
1971 3700 2046 3746 eo
2096 3679 2502 3764 elegantiora
2562 3683 2632 3743 et

314 3785 644 3852 limatiora
690 3787 978 3851 carmina
1027 3787 1424 3870 condidisse,
1487 3793 1556 3852 et
1628 3806 1751 3867 quo
1795 3789 2054 3870 saepius
2096 3789 2421 3870 Propertii
2467 3788 2631 3853 liber

316 3893 499 3958 illam
535 3894 1007 3976 inelegantiam
1063 3895 1360 3975 exhibet,
1422 3912 1496 3959 eo
1553 3899 1913 3977 temporum
1954 3897 2212 3963 ratione
2257 3915 2399 3962 esse
2444 3915 2628 3977 supe-

316 4002 567 4070 riorem.
655 4003 968 4068 Nimirum
1019 4022 1238 4069 omnes
1287 4004 1540 4069 omnino
1584 4003 2015 4070 Romanorum
2061 4009 2296 4086 poetae
2333 4004 2626 4087 elegiaci,

317 4129 442 4190 quo
488 4111 758 4191 quisque
805 4115 949 4175 erat
1007 4117 1167 4175 natu
1213 4111 1418 4177 minor
1475 4131 1550 4178 eo
1611 4113 1784 4178 alter
1844 4115 2055 4179 altero
2108 4113 2457 4178 studiosius
2508 4113 2627 4177 has

317 4219 868 4301 polysyllaborum
903 4219 1358 4284 vocabulorum
1401 4220 1745 4302 clausulaS,
1788 4221 2021 4300 quibus
2048 4219 2627 4285 Alexandrinorum

316 4328 602 4412 vestigia
629 4346 738 4394 eos
775 4327 1086 4409 pressisse
1127 4331 1350 4392 notum
1377 4331 1497 4405 est,
1539 4328 1975 4397 evitaverunt.
2040 4329 2273 4409 Itaque
2299 4327 2628 4394 Catullum

317 4441 526 4503 totum
567 4454 636 4501 se
683 4437 766 4502 ad
809 4435 1204 4502 Graecorum
1251 4435 1612 4517 exemplum
1641 4438 1763 4503 hoc
1808 4436 1875 4503 in
1918 4455 2159 4520 genere
2190 4437 2627 4503 accommoda-

317 4545 512 4627 visse,
560 4545 964 4628 Propertium
1013 4548 1229 4611 autem
1276 4549 1476 4626 atque
1515 4544 1841 4612 Tibullum
1889 4546 2175 4630 coepisse
2216 4565 2285 4610 se
2314 4545 2398 4612 ad
2426 4564 2623 4628 popu-
