3142 4984
1203 473 1394 508 ·-
1485 461 1735 542 71-

379 630 592 696 doceri
631 649 820 713 posse
861 649 944 696 ex
985 630 1566 712 carminum,'quae
1610 628 1795 694 modo
1846 617 2497 706 commemoravimuS,
2540 641 2687 688 con-

357 738 630 804 ·dicione
668 739 816 823 jure
863 738 1171 820 colligere
1209 737 1545 820 possimus,
1591 739 1714 803 hac
1756 755 1838 801 ex
1875 741 2065 818 parte
2104 733 2254 800 libri
2297 734 2352 800 V
2400 732 2688 798 carmina

376 863 518 911 esse
561 846 749 912 rudia
792 863 913 911 nec
957 845 1285 928 perpolita
1327 864 1454 913 non
1479 844 1938 926 concedemuS,
1972 841 2266 924 quamvis
2289 841 2426 907 tale
2455 839 2687 907 vitium

375 953 588 1020 inesse
633 955 700 1020 in
748 955 852 1020 ell.
894 954 1000 1037 V,
1026 960 1081 1020 1.
1130 961 1190 1021 2.
1235 959 1292 1022 4.
1337 961 1394 1020 6.
1434 961 1488 1020 9.
1540 960 1621 1020 10
1664 953 1939 1036 cogitari
1976 969 2163 1034 posse
2195 969 2319 1016 non
2358 965 2687 1031 negemuS,

376 1059 526 1142 quia
584 1081 666 1128 ne
722 1063 806 1128 ad
863 1063 1054 1128 finem
1105 1049 1497 1144 perduceret
1559 1061 1914 1143 consilium,
1968 1061 2135 1141 quod
2181 1059 2249 1125 in
2297 1058 2431 1124 illis
2472 1075 2689 1139 perse-

375 1169 598 1251 quitur
631 1174 858 1253 poeta,
902 1174 1111 1236 morte
1155 1189 1298 1237 eum
1345 1189 1487 1236 esse
1529 1167 2553 1252 impeditum·demonstravimus.

579 1385 725 1452 Hac
771 1390 988 1452 autem
1047 1387 1188 1468 ipsa
1247 1388 1328 1453 de
1371 1402 1570 1454 causa
1614 1386 1915 1469 quoniam
1963 1386 2118 1467 quin
2162 1383 2469 1451 extremis
2510 1384 2691 1451 vitae

351 1494 564 1561 annis
599 1495 640 1560 i.
687 1513 743 1560 e.
788 1497 937 1576 post
980 1513 1199 1562 omnes
1248 1495 1531 1578 priorum
1581 1496 1890 1562 librorum
1935 1494 2185 1577 elegias
2227 1495 2390 1559 haec
2434 1492 2585 1558 libri
2626 1491 2699 1556 v.

375 1602 664 1668 carmina
700 1621 742 1668 a
763 1601 1105 1684 Propertio
1149 1603 1282 1670 sint
1319 1603 1673 1686 composita
1718 1603 1978 1668 dubium
2014 1603 2154 1686 jam
2192 1619 2319 1666 non
2354 1605 2477 1683 est,
2519 1600 2687 1680 quod

372 1710 786 1792 protulerunt
827 1728 968 1776 cum
991 1711 1372 1777 Lachmann
1417 1712 1454 1777 l.
1499 1713 1542 1778 l.
1571 1717 1711 1778 tum
1732 1710 2182 1797 Hertzberg1)
2225 1713 2425 1791 atque
2468 1709 2687 1774 Heim-

375 1817 553 1884 reich
575 1818 646 1906 2),
693 1817 900 1900 ipsam
943 1818 1095 1884 libri
1136 1819 1198 1884 V
1236 1820 1590 1887 carminum
1644 1819 2074 1887 elocutionem
2119 1835 2260 1884 esse
2305 1817 2529 1883 rudem
2570 1835 2691 1882 nec

378 1926 643 2009 dignam
671 1920 870 1992 aurea
903 1926 1117 2008 poesis
1135 1926 1468 1994 Romanae
1501 1931 1746 2010 aetate,
1792 1927 1961 1994 omni
1992 1930 2177 1992 caret
2208 1924 2687 2007 probabilitate.

375 2033 542 2099 Nam
587 2052 730 2117 quo,
786 2050 1044 2116 quaeso,
1105 2035 1288 2101 modo
1331 2034 1474 2100 fieri
1517 2035 1752 2118 potuit,
1813 2040 1889 2101 ut
1930 2040 2153 2117 poeta,
2180 2032 2539 2117 posteriore
2580 2051 2690 2114 po-

375 2141 691 2208 tissimum
751 2141 933 2209 vitae
988 2145 1280 2224 tempore
1337 2143 1568 2209 relicto
1630 2144 1844 2210 subito
1906 2162 2061 2210 suae
2102 2142 2347 2209 aetatis
2388 2141 2692 2222 loquendi

377 2265 618 2330 genere
675 2249 933 2317 rudiore
986 2249 1268 2330 quadam
1325 2255 1394 2316 et
1451 2270 1492 2316 a
1549 2251 1888 2317 latinitate
1958 2250 2419 2333 quodammodo
2474 2249 2691 2329 aliena

378 2361 675 2423 uteretur
719 2357 1126 2424 elocutione?
1181 2357 1312 2425 Sed
1357 2360 1537 2442 haec,
1591 2378 1782 2440 quam
1808 2359 2049 2441 protuli
2089 2377 2194 2426 vv.
2224 2359 2331 2424 dd.
2360 2356 2690 2424 sententia

377 2482 507 2530 non
554 2465 680 2530 nisi
736 2465 879 2548 ipsa
923 2465 1250 2548 Propertii
1305 2467 1669 2534 elocutione
1714 2466 2085 2534 accuratius
2140 2484 2413 2532 excussa
2467 2484 2547 2532 ea
2587 2485 2687 2532 ra-

375 2573 572 2655 tione,
630 2591 824 2654 quam
881 2592 1086 2656 nuper
1145 2573 1475 2658 ingressus
1525 2580 1629 2641 est
1671 2574 2039 2640 Kuttnerus
2057 2575 2109 2659 3)
2167 2573 2511 2658 dijudicari
2563 2591 2690 2638 non

375 2684 613 2762 potest.
679 2681 844 2748 Nam
889 2699 1033 2747 cum
1067 2681 1520 2748 difficillimum
1564 2682 1883 2763 nimisque
1928 2700 2123 2764 saepe
2166 2683 2504 2750 obscurum
2548 2699 2690 2746 esse

375 2787 784 2870 Propertium
855 2790 1176 2856 neminem
1237 2793 1308 2857 in
1337 2815 1346 2826 ·
1371 2791 1548 2857 illius
1618 2790 2011 2857 carminibus
2069 2793 2402 2857 versatum
2460 2789 2689 2872 fugere

374 2896 598 2980 possit,
656 2915 798 2962 cum
855 2899 1200 2964 multorum
1256 2901 1599 2966 verborum
1657 2901 1819 2965 mira
1878 2899 2301 2980 proprietate,
2352 2917 2479 2963 non
2536 2917 2688 2980 pau-

377 3021 595 3071 corum
641 3006 1196 3074 substantivorum
1250 3008 1551 3074 inaudita
1602 3006 2017 3090 metonymia,
2075 3006 2543 3087 particularum
2581 3025 2689 3072 no-

376 3110 771 3178 tissimarum
809 3131 930 3179 usu
969 3115 1289 3196 peculiari
1327 3115 1669 3181 admodum
1704 3116 1991 3199 gaudere
2030 3113 2210 3178 illum
2255 3113 2430 3179 inter
2470 3131 2691 3178 omnes

376 3224 652 3302 constet,
713 3239 855 3287 cum
918 3241 1046 3288 non
1109 3224 1273 3289 adeo
1333 3223 1608 3289 multum
1667 3223 1735 3289 in
1776 3239 1983 3305 genus
2037 3221 2177 3305 ejus
2232 3219 2538 3301 loquendi
2602 3221 2691 3286 sit

375 3326 771 3411 inquisitum,
853 3329 1040 3395 huius
1097 3332 1332 3412 poetae
1395 3330 1822 3397 elocutionem
1884 3347 2075 3411 quam
2136 3328 2413 3395 maxime
2470 3316 2689 3409 ‘requi-

377 3451 522 3498 rere
542 3434 1084 3504 observationem
1135 3436 1562 3518 similiumque
1623 3437 2130 3518 collocationem,
2190 3453 2319 3501 non
2374 3439 2477 3502 est
2522 3438 2690 3517 quod

381 3554 691 3607 moneam.
777 3544 997 3625 Atque
1051 3545 1434 3612 documento
1491 3545 1677 3612 nobis
1737 3564 1879 3616 esse
1933 3547 2154 3627 potest
2211 3545 2507 3624 quaestio
2553 3545 2689 3627 illa,

383 3664 577 3727 quam
619 3647 906 3716 instituit
947 3653 1331 3738 Kuttnerus,
1380 3655 1791 3737 Propertium
1809 3671 2194 3737 quamquam
2220 3656 2425 3720 multa
2447 3655 2691 3721 habeat

381 3756 640 3838 propria
697 3761 766 3822 et
821 3759 1144 3827 mirabilia
1197 3768 1267 3828 et
1323 3763 1530 3844 primo
1584 3766 1838 3845 quidem
1894 3766 2126 3830 obtutu
2184 3763 2351 3828 satis
2394 3764 2687 3846 obscura,

384 3868 604 3931 tamen
643 3853 714 3930 in
759 3883 1001 3949 genere
1044 3869 1301 3937 dicendi
1346 3871 1510 3937 adeo
1547 3872 1671 3937 sibi
1712 3877 2031 3953 constare,
2076 3875 2150 3937 ut
2194 3870 2493 3936 similium
2516 3871 2687 3938 locu-

377 3971 623 4037 tionum
675 3975 1056 4043 collectione
1110 3983 1178 4044 et
1231 3982 1715 4062 comparatione
1781 3979 2167 4048 difficillima
2229 3998 2421 4062 saepe
2490 3981 2689 4066 plana

375 4078 540 4144 fiant
583 4085 651 4146 et
688 4082 1046 4165 perspicua.
1120 4133 1125 4136 v

582 4349 622 4414 ¹)
657 4347 712 4399 in
747 4352 1022 4402 comment.
1059 4347 1127 4403 ad
1165 4349 1227 4415 V,
1267 4351 1344 4415 10,
1389 4352 1414 4403 1
1457 4355 1512 4405 613
1548 4353 1596 4404 2.

541 4439 549 4461 ’
582 4438 624 4505 ²)
661 4437 884 4507 symbol.
921 4439 1104 4508 philol.
1143 4441 1208 4496 B.
1246 4457 1331 4510 pp.
1376 4441 1478 4495 673
1515 4457 1627 4511 sqq.

579 4527 621 4597 ³)
657 4529 737 4583 De
771 4529 1032 4600 Propertii
1069 4531 1366 4587 elocutione
1403 4536 1637 4604 quaestt.
1677 4536 1798 4590 Hal.
1844 4537 1988 4592 1878.

9 4775 1885 4984 l—m-ss
