3142 4984
477 1167 813 1282 Propertii
872 1201 1185 1282 carmina,
1262 1219 1427 1279 quae
1482 1203 1750 1280 propter
1805 1197 2189 1278 exquisitius
2248 1197 2582 1264 doctrinae

271 1325 479 1389 genus
540 1310 677 1392 Jam
745 1314 941 1390 poeta
1020 1308 1371 1389 superstite
1429 1317 1782 1389 paucorum¹
1853 1307 2204 1388 hominum,
2273 1307 2381 1388 qui
2439 1307 2582 1388 pari

272 1416 620 1497 disciplina
665 1436 886 1498 parem
921 1416 1163 1502 ingenii
1208 1416 1453 1481 cultum
1500 1419 1691 1480 erant
1716 1415 2018 1496 assecuti,
2068 1415 2269 1480 fuisse
2319 1433 2585 1480 consen-

273 1529 536 1590 taneum
581 1529 711 1606 est,
774 1543 916 1589 cum
971 1523 1425 1589 delabentibus
1467 1523 1703 1600 sensim
1762 1523 2014 1604 imperii
2059 1523 2334 1588 Romani
2394 1524 2587 1589 rebus

272 1633 491 1696 studia
515 1650 764 1712 quoque
787 1632 1070 1713 ingenua
1095 1633 1614 1712 extabescerent,
1637 1631 1812 1714 inter
1841 1630 2048 1712 prima
2070 1631 2290 1710 fuisse,
2319 1648 2586 1709 quorum

273 1739 813 1805 obliviscerentur
846 1739 1139 1821 Romani,
1184 1739 1412 1804 mirum
1442 1759 1584 1804 esse
1597 1747 1736 1804 ³'non
1763 1725 1999 1820 potest.
2067 1738 2588 1804 Renascentibus

273 1852 493 1912 autem
538 1848 749 1913 literis
791 1865 936 1912 cum
984 1866 1125 1913 sero
1174 1848 1537 1926 sensimque
1594 1866 1629 1912 e
1680 1846 1953 1912 latebris
2012 1851 2200 1912 eruta
2258 1845 2325 1910 in
2372 1846 2590 1912 studia

273 1955 578 2020 liberiora
634 1961 854 2020 essent
905 1947 1205 2038 recepta,
1268 1973 1652 2036 quamquam
1711 1959 1778 2019 et
1824 1954 2142 2034 prioribus
2189 1955 2468 2019 saeculis
2520 1960 2590 2021 et

274 2067 496 2128 nostro
541 2082 667 2127 non
712 2063 1059 2128 defuerunt
1103 2083 1208 2130 vv.
1260 2064 1385 2144 dd.,
1435 2064 1544 2143 qui
1570 2064 1639 2128 in
1660 2063 1999 2143 Propertio
2038 2069 2153 2128 aut
2189 2063 2584 2128 recensendo

274 2174 390 2234 aut
415 2170 796 2250 explicando
820 2191 1037 2237 curam
1064 2172 1416 2253 posuerint,
1448 2177 1671 2236 tamen
1706 2189 1864 2251 prae
1887 2170 2142 2252 ceteriS,
2169 2169 2278 2250 qui
2302 2171 2588 2252 Augusti

275 2281 503 2342 aetate
546 2277 921 2361 floruerunt,
967 2279 1178 2360 poetis
1220 2279 1481 2344 Latinis
1518 2279 1861 2361 neglectus
1899 2279 2010 2344 ille
2053 2297 2259 2360 paene
2295 2279 2583 2361 jacebat.

278 2385 417 2450 Viri
461 2391 682 2452 autem
743 2388 920 2454 docti
965 2388 1080 2472 illi,
1130 2389 1238 2468 qui
1280 2389 1523 2454 nostris
1563 2389 1958 2469 temporibus
2001 2388 2068 2452 in
2115 2386 2402 2453 carmina
2433 2387 2585 2454 Pro-

275 2494 578 2576 pertiana
631 2496 1081 2578 incubuerunt,
1146 2499 1239 2562 eis
1283 2497 1596 2578 imprimis
1640 2496 1820 2561 libris
1848 2497 1894 2583 ¹)
1940 2515 2200 2578 operam
2229 2496 2586 2577 navabant,

276 2604 384 2683 qui
446 2605 511 2668 in
557 2605 831 2688 singulis
874 2625 1082 2687 paene
1126 2607 1516 2671 carminibus
1574 2607 1924 2688 Cynthiam
1998 2606 2185 2671 unice
2230 2605 2587 2685 celebrant,

278 2712 492 2776 ultimi
537 2713 685 2777 libri
732 2714 980 2796 elegias
1016 2715 1462 2798 negligebant,
1510 2733 1653 2780 cum
1699 2705 2084 2796 praesertim
2123 2714 2588 2778 Lachmannus

273 2821 341 2885 in
401 2825 533 2887 not.
590 2827 643 2886 1.
700 2822 785 2886 ad
828 2823 869 2888 1.
916 2822 994 2887 V.
1052 2842 1111 2903 p.
1173 2829 1295 2888 329
1353 2823 1421 2887 iu
1462 2824 1584 2887 hoc
1628 2808 1824 2904 libro,
1885 2822 1995 2886 ubi
2050 2822 2238 2903 plura
2299 2821 2586 2886 carmina

276 2947 403 2992 non
462 2930 543 2993 ab
597 2928 736 3009 ipso
797 2934 993 3010 poeta
1051 2931 1421 3010 elaborata,
1484 2913 1622 2994 sed'
1658 2930 1740 2994 ab
1779 2930 1920 3013 ejus
1975 2929 2200 2995 amicis
2243 2929 2340 2992 ita
2401 2933 2476 2992 ut
2518 2928 2586 2994 in

278 3053 462 3101 ceras
509 3041 753 3100 temere
815 3038 1112 3119 conjecta
1155 3037 1341 3102 rudia
1386 3037 1642 3116 quidem
1680 3043 1748 3103 et
1787 3037 2116 3120 indigesta
2159 3037 2587 3118 invenissent,

277 3144 455 3209 edita
502 3147 756 3224 essent,
803 3145 1037 3226 multa,
1092 3146 1161 3208 in
1204 3145 1433 3224 quibus
1476 3145 1712 3226 aliquis
1756 3146 1865 3210 diu
1910 3149 2272 3210 moraretur
2314 3144 2584 3227 indigna

278 3269 417 3316 esse
443 3251 947 3328 pronuntiasset.
1023 3252 1149 3318 Sed
1189 3271 1393 3334 nuper
1414 3253 1813 3318 exstiterunt
1841 3254 1948 3334 qui
1974 3254 2160 3319 unice
2197 3253 2264 3317 in
2287 3252 2586 3317 ultimum

278 3360 723 3425 incumberent
765 3361 1016 3442 librum,
1065 3380 1330 3440 quorum
1377 3381 1411 3427 e
1457 3381 1721 3427 numero
1761 3362 2327 3446 Heymreichius‘2)
2372 3361 2586 3426 omnia

280 3468 469 3532 huius
493 3467 642 3532 libri
674 3469 961 3534 carmina
984 3469 1322 3550 Propertio
1356 3471 1689 3553 abJ'udicat
1718 3489 2060 3549 eorumque
2086 3488 2226 3535 esse
2256 3475 2588 3534 auctorem

279 3575 643 3656 suspicatur
668 3575 1067 3642 Passennum
1095 3577 1399 3658 Paulum;
1448 3578 1787 3643 Dominius
1819 3577 2150 3664 Carutti²³)
2194 3595 2413 3642 omnes
2440 3577 2590 3641 libri

281 3683 337 3750 V
386 3685 634 3766 elegias
678 3688 955 3765 excepta
1005 3691 1074 3750 11
1109 3703 1250 3750 esse
1295 3686 1547 3768 spurias
1592 3691 1660 3752 et
1702 3707 1742 3752 a
1773 3685 2010 3751 Sabino
2054 3690 2248 3766 poeta
2291 3686 2590 3749 conditas

279 3793 647 3873 contendit;
690 3793 1309 3881 Eschenburgius4),
1353 3795 1461 3874 qui
1498 3814 1622 3875 quo
1657 3799 1946 3876 tempore
1975 3793 2220 3874 scripta
2263 3795 2395 3857 sint
2439 3791 2590 3856 libri

279 3899 335 3964 V
381 3901 669 3966 carmina
705 3901 1020 3984 indagare
1044 3904 1284 3986 studet,
1332 3905 1610 3969 alteram
1636 3904 1714 3968 el.
1751 3911 1776 3966 1
1815 3907 2066 3984 partem
2112 3902 2300 3987 (vv.7
2313 3899 2594 3986 1—150)

487 4115 526 4180 ¹)
568 4111 704 4166 Utar
743 4114 795 4166 in
833 4114 932 4168 hac
969 4115 1377 4170 dissertationae
1426 4117 1658 4170 numeris
1697 4115 2059 4169 Muellerianis
2097 4113 2277 4180 eisque
2324 4110 2589 4164 uncinulis

278 4219 381 4256 non
416 4202 656 4256 inclusis,

480 4296 524 4358 2)
562 4292 730 4360 symb.
772 4293 952 4362 philol.
992 4296 1156 4349 Bonn.
1194 4314 1278 4366 pp.
1318 4300 1418 4352 674
1455 4316 1568 4368 sqq.

482 4385 526 4450 ³)
562 4383 688 4436 edit.
736 4382 891 4452 Prop.
943 4401 1075 4453 quac
1136 4385 1445 4442 inscribitur
1503 4390 1619 4443 Sex.
1673 4389 1797 4442 Aur.
1847 4382 2110 4452 Propertii
2173 4379 2404 4448 Cynthia
2458 4381 2586 4432 cett.

351 4513 363 4528 .
396 4473 463 4524 34
500 4490 526 4526 s
605 4514 615 4526 .

280 4489 345 4540 pp
482 4491 654 4630 ⁴)qllib.
693 4565 838 4618 misc.
880 4583 911 4618 a
948 4567 1199 4622 societate
1248 4568 1431 4635 philol.
1474 4570 1639 4622 Bonn.
1681 4569 1806 4622 edit.
1845 4585 1929 4636 pp.
1971 4568 2036 4620 83
2076 4582 2188 4633 sqq.

836 4667 1261 4788 170906
2284 4662 2309 4712 ¹
