3142 4984
1515 447 1942 510 ...4ο-

568 612 740 696 signi
787 612 975 678 aenei
1020 612 1313 694 artificiS,
1360 613 1457 679 ita
1496 620 1722 682 nostra
1745 618 2030 700 Augusti
2072 619 2392 702 laudibuS,
2439 623 2666 704 templi
2709 621 2883 690 illius

566 721 854 788 auctoris
896 720 1232 802 aptissime
1279 723 1701 788 concluditur.
1773 727 1992 806 Atque
2033 728 2154 792 hoc
2194 728 2292 794 ita
2331 728 2622 795 instituit
2663 735 2880 813 poeta,

568 834 643 895 ut
684 834 1025 911 postquam
1073 828 1211 910 ipse
1252 831 1435 895 aedis
1461 829 1809 899 Palatinae
1837 833 2149 917 originem
2191 836 2476 902 carmine
2519 856 2634 903 suo
2678 838 2881 920 expli-

566 937 747 1004 cavit
790 941 991 1017 atque
1047 937 1115 1002 in
1170 937 1287 1003 illa
1350 939 1739 1020 explicanda
1780 943 2150 1025 Augustum
2191 961 2319 1009 non
2375 944 2596 1025 parvis
2642 946 2882 1012 extulit

565 1047 863 1113 laudibus
885 1046 969 1111 ad
992 1046 1356 1112 convivium
1382 1050 1880 1130 comparandum
1907 1050 2171 1133 invitat,
2196 1051 2262 1116 in
2284 1070 2406 1132 quo
2427 1042 2546 1134 pro
2569 1071 2688 1119 sua
2709 1054 2878 1135 quis-

71 1163 75 1196 *
562 1172 685 1233 que
716 1153 962 1238 ingenii
992 1153 1208 1220 indole
1238 1159 1438 1234 atque
1466 1156 1716 1222 viribus
1744 1176 1851 1222 res
1882 1159 1966 1223 ab
1986 1159 2285 1242 Augusto
2310 1165 2536 1245 gestas
2567 1163 2874 1228 celebret.

765 1261 938 1328 Illud
982 1280 1158 1344 vero,
1218 1263 1387 1342 quod
1444 1262 1642 1330 affert
1684 1265 2120 1350 Luetjohann,
2175 1273 2250 1332 ut
2295 1268 2716 1351 demonstret,
2767 1287 2872 1335 vv.

560 1377 641 1436 69
700 1388 836 1451 sqq.
897 1370 1227 1452 paroxime
1286 1372 1757 1455 antecedentes
1817 1373 2140 1456 respicere
2183 1376 2438 1442 omnino
2478 1395 2606 1442 non
2649 1395 2868 1460 posse:

564 1479 774 1548 „bella
818 1477 1134 1544 cecinisse
1198 1496 1320 1544 non
1364 1497 1552 1560 posse
1598 1481 1808 1547 videri
1851 1500 2015 1566 eum,
2062 1483 2174 1563 qui
2215 1485 2535 1566 Apollinis
2579 1483 2870 1550 Palatini

555 1585 782 1650 aedem
838 1603 909 1650 se
953 1603 1095 1651 esse
1149 1587 1507 1651 relaturum
1562 1588 1926 1671 promittat,
1989 1590 2222 1670 quique
2281 1590 2346 1662 in
2401 1591 2539 1672 ipso
2585 1591 2868 1657 carmine

553 1710 811 1775 pugnae
828 1694 1222 1759 mentionem
1238 1694 1302 1760 in
1318 1698 1701 1761 transcursu
1724 1699 1981 1761 tantum
2006 1697 2278 1780 injiciat,
2310 1698 2632 1779 Apollinis
2650 1703 2867 1765 autem

553 1801 810 1867 Actiaci
852 1802 1208 1867 orationem
1251 1807 1321 1867 et
1358 1803 1671 1868 auxilium
1711 1804 2145 1886 copiosissime
2189 1806 2531 1888 explicet,“
2579 1807 2742 1873 illud
2782 1807 2866 1872 ad

547 1912 805 1978 irritum
847 1913 1082 1978 cadere
1127 1912 1570 1995 concedemus,
1627 1912 1684 1977 si
1728 1914 2349 1982 consideraverimus
2390 1920 2670 1998 poetam,
2714 1931 2864 1995 quo-

548 2023 723 2088 niam
770 2019 953 2087 aedis
996 2020 1173 2086 illius
1210 2021 1389 2104 origo
1420 2021 1505 2086 ad
1528 2040 1840 2103 praesens
1866 2023 2187 2105 Apollinis
2207 2022 2274 2088 in
2305 2041 2524 2106 pugna
2551 2023 2859 2088 auxilium

550 2135 695 2197 erat
734 2128 1099 2210 referenda,
1148 2129 1215 2195 in
1258 2129 1685 2195 describenda
1728 2150 1948 2214 pugna
1984 2131 2128 2213 ipsa
2164 2131 2262 2197 ita
2306 2131 2557 2198 versari
2597 2149 2865 2197 necesse

546 2256 709 2321 esse,
769 2244 843 2304 ut
885 2238 1189 2320 Apolline
1248 2238 1608 2322 adjuvante
1661 2239 1974 2324 imprimis
2032 2240 2139 2307 vel
2198 2239 2386 2306 unice
2440 2242 2663 2306 hostes
2720 2257 2861 2305 esse

547 2347 839 2414 devictos
869 2347 1287 2412 demonstret.
1343 2347 1642 2427 Denique
1667 2348 1869 2414 verba
1894 2348 2062 2429 ipsa:
2103 2347 2461 2430 „citharam
2484 2348 2618 2431 jam
2654 2347 2861 2429 poscit

544 2456 777 2539 Apollo
828 2455 1157 2539 ‚,victor““
1208 2459 1588 2536 comparata
1632 2474 1775 2521 cum
1819 2475 1927 2523 vv.
1973 2463 2054 2522 67
2098 2460 2167 2522 et
2209 2462 2326 2523 68:

855 2582 1074 2650 „Actius
1110 2580 1232 2635 hinc
1269 2581 1433 2634 traxit
1469 2581 1716 2636 Phoebus
1752 2582 2091 2647 monimenta,
2129 2581 2270 2650 quod
2307 2582 2421 2635 eius

1054 2671 1173 2726 Una
1209 2670 1386 2725 decem
1424 2671 1555 2726 vicit
1591 2673 1756 2726 missa
1789 2673 1994 2742 sagitta
2027 2675 2200 2726 rates“

542 2783 796 2864 docent,
844 2799 949 2846 vv.
997 2784 1077 2846 69
1125 2797 1261 2858 sqq.
1309 2779 1750 2844 narrationem
1794 2779 2118 2862 respicere
2151 2780 2670 2846 antecedentem.

744 2887 1055 2956 Omnibus
1085 2887 1310 2970 igitur,
1362 2905 1529 2966 quae
1570 2889 1651 2954 de
1685 2889 1766 2953 el.
1815 2894 1851 2954 6
1898 2887 2239 2954 attulimus
2281 2892 2462 2956 certo
2510 2887 2850 2968 evincitur,

537 2997 946 3064 referendam
1002 3013 1145 3062 esse
1202 3014 1345 3060 eam
1402 2995 1487 3062 ad
1547 3015 1770 3077 earum
1815 2996 2169 3078 elegiarum
2223 3011 2576 3077 numerum,
2622 2995 2852 3075 quibus

538 3105 936 3190 singulorum
982 3103 1305 3169 nominum
1365 3107 1434 3168 et
1477 3103 1926 3198 institutorum
1985 3122 2219 3170 causas
2263 3121 2334 3170 se
2379 3104 2850 3186 explicaturum

536 3231 679 3279 esse
724 3231 778 3279 c.
806 3212 889 3294 V,
939 3218 969 3276 1
1020 3215 1219 3293 poeta
1264 3210 1443 3293 dicit,
1491 3229 1702 3291 neque
1739 3212 1917 3277 aliud
1962 3230 2161 3294 agere
2189 3211 2369 3277 illum
2401 3211 2469 3276 in
2492 3211 2574 3277 el.
2619 3216 2680 3294 6,
2727 3209 2850 3275 nisi

533 3326 608 3388 ut
651 3340 766 3387 cur
799 3320 1087 3402 Apollini
1114 3318 1419 3385 Palatino
1452 3320 1766 3401 templum
1809 3319 1896 3385 sit
1940 3320 2310 3386 dedicatum
2352 3323 2654 3400 exponat.
2700 3318 2848 3384 'De-

531 3430 726 3510 nique
760 3430 880 3495 hoc
914 3446 1165 3508 quoque
1194 3427 1448 3509 addam,
1482 3427 1894 3509 Propertium
1920 3427 2090 3493 ludis
2110 3427 2243 3493 illis
2264 3427 2848 3508 quinquennalibus

532 3539 686 3604 anni
750 3541 872 3604 738
931 3537 1060 3602 fine
1119 3535 1361 3602 habitis
1419 3535 1504 3600 ad
1566 3537 1647 3601 el.
1709 3543 1746 3602 6
1804 3537 2214 3619 pangendam
2271 3554 2415 3602 esse
2458 3535 2844 3615 adductum;

530 3648 715 3728 quod,
766 3645 1281 3727 quandoquidem
1340 3645 1582 3725 templo
1629 3644 1742 3710 illo
1788 3644 2077 3726 Apollini
2122 3663 2179 3710 a.
2228 3650 2350 3709 726
2397 3643 2697 3709 dedicato
2735 3661 2843 3724 po-

528 3755 667 3837 puli
703 3754 889 3839 jussu
926 3753 1062 3818 ludi
1105 3752 1205 3818 illi
1248 3755 1401 3817 sunt
1444 3752 1736 3818 instituti
1759 3755 1823 3835 1)’,
1869 3772 2013 3818 cum
2049 3771 2166 3834 per
2195 3771 2265 3818 se
2298 3751 2438 3819 veri
2467 3752 2556 3817 sit
2597 3750 2837 3817 similli-

528 3883 718 3946 mum,
765 3862 918 3927 inde
960 3860 1159 3927 facile
1187 3860 1459 3944 intilligi
1484 3851 1723 3944 potest,
1767 3861 1935 3941 quod
1963 3871 2186 3927 cetera
2215 3860 2527 3944 ejusmodi
2553 3860 2841 3926 carmina

527 3972 691 4037 talia
723 3969 982 4036 nomina
1014 3968 1121 4036 vel
1153 3986 1342 4034 sacra
1380 3973 1699 4052 tractant,
1751 3987 1918 4049 quae
1953 3969 2038 4036 ad
2080 3973 2373 4051 tempora
2415 3968 2630 4050 prisca
2659 3985 2839 4049 spec-

525 4085 694 4162 tant,
748 4079 871 4144 hoc
928 4096 1053 4143 uno
1109 4077 1190 4142 de
1243 4077 1628 4142 recentioris
1675 4077 1780 4144 vel
1821 4082 2060 4160 poetae
2117 4076 2318 4158 ipsius
2360 4075 2605 4142 aetatis
2646 4077 2840 4141 rebus

524 4186 764 4271 agitur.
838 4185 934 4252 Et
972 4203 1131 4268 opus
1168 4189 1314 4250 erat
1358 4185 1672 4268 ejusmodi
1717 4185 2075 4268 occasione,
2118 4185 2417 4265 quoniam
2457 4183 2840 4251 recentioris

522 4295 766 4362 aetatis
789 4295 992 4376 facta,
1040 4293 1277 4376 quippe
1310 4311 1476 4374 quae
1518 4294 1813 4360 omnibus
1842 4298 2064 4360 essent
2097 4297 2274 4374 nota,
2320 4312 2446 4360 non
2478 4297 2615 4359 tam
2647 4296 2840 4359 erant

736 4531 772 4597 ¹)
808 4527 874 4582 cf.
910 4527 1032 4581 Dio.
1069 4527 1216 4582 Casa
1250 4527 1399 4594 LIII,
1439 4530 1483 4581 1.
