3142 4984
1474 473 1899 534 -42-

532 659 659 721 qua
704 640 913 705 utitur
955 644 1151 721 poeta
1191 641 1258 705 in
1299 643 1379 706 el.
1408 641 1486 724 V,
1539 648 1566 705 1
1611 641 1696 706 ad
1725 641 2042 723 hospitem
2075 660 2145 706 se
2184 646 2590 706 convertens.
2652 637 2845 702 Hanc

531 748 721 832 enim,
768 748 1069 829 quoniam
1112 768 1239 814 non
1264 750 1389 814 nisi
1416 750 1482 814 in
1510 750 1590 815 el.
1614 750 1692 832 V,
1746 755 1776 814 1
1822 754 2042 816 exstat
2063 768 2156 826 e0,
2202 768 2390 830 quem
2408 748 2554 815 vult
2574 746 2842 829 Luetjh.

530 857 735 938 mod0,
789 856 1063 924 vividius
1102 858 1210 924 vel
1254 857 1607 925 enarrandi
1645 858 1748 923 vel
1798 857 2158 940 exponendi
2186 876 2393 940 genus
2433 875 2575 922 esse
2601 855 2846 920 intelli-

532 966 811 1049 gendam
854 965 933 1030 el.
980 965 1062 1047 V,
1110 971 1147 1031 2
1172 965 1403 1048 docet,
1447 965 1513 1030 in
1559 984 1686 1047 qua
1720 967 1850 1032 alia
1872 971 2070 1047 atque
2095 967 2162 1032 in
2187 985 2240 1031 c.
2295 973 2321 1030 1
2373 965 2582 1030 utitur
2604 963 2846 1029 allocu-

532 1072 729 1139 tionis
762 1071 1019 1138 ratione
1040 1078 1255 1156 poeta,
1303 1073 1454 1154 quia
1478 1075 1907 1141 Vertumnum
1940 1075 2150 1157 ipsum
2180 1074 2552 1155 loquentem
2574 1071 2846 1138 inducit.

737 1203 841 1267 Ex
888 1203 1239 1269 carminum
1284 1205 1565 1286 ipsorum
1610 1206 2015 1295 argumentis
2058 1204 2338 1270 dilucide
2382 1206 2658 1286 apparet
2691 1201 2847 1266 Pro-

534 1311 834 1393 pertium,
897 1329 1083 1391 quem
1121 1313 1258 1395 Jam
1301 1313 1622 1394 prioribus
1665 1313 1733 1378 in
1778 1313 1962 1380 libris
2000 1320 2210 1379 totum
2255 1331 2398 1381 esse
2442 1312 2735 1377 videmus
2779 1311 2848 1374 in

542 1419 1009 1486 Alexandrinis
1040 1420 1351 1502 imprimis
1382 1407 1779 1487 Callimacho
1810 1427 1878 1488 et
1897 1422 2160 1488 Philota
2181 1419 2514 1486 imitandis
2540 1420 2603 1505 ¹),
2651 1417 2845 1484 Galli-

538 1527 752 1592 machi
776 1528 1135 1609 exemplum
1171 1532 1463 1593 secutum
1496 1528 1607 1612 (V,
1655 1534 1709 1610 1,
1755 1535 1856 1594 63.
1902 1535 1961 1612 6,
2003 1533 2089 1612 4.)
2129 1534 2198 1594 et
2237 1545 2565 1592 sacrorum
2603 1530 2671 1590 et
2701 1544 2847 1607 cog-

532 1635 858 1700 nominum
902 1640 971 1700 et
1016 1633 1261 1700 dierum
1307 1654 1539 1700 causas
1583 1635 1800 1720 (αἴτια,
1849 1635 2253 1720 Urspriinge)
2309 1635 2392 1700 ad
2460 1631 2849 1699 domesticas

535 1742 811 1826 fabulas.
859 1762 1279 1824 quaecunque
1321 1745 1612 1810 traditae
1655 1750 1844 1810 erant
1889 1745 1955 1809 111
2001 1745 2158 1810 urbe
2204 1743 2408 1808 Roma
2449 1742 2712 1826 ejusque
2748 1759 2847 1806 re-

537 1853 834 1936 gionibus
877 1850 1218 1917 referendo
1260 1851 1461 1916 fuisse
1502 1851 2103 1934 interpretatuium.
2187 1852 2406 1930 Atque
2452 1846 2722 1931 ,,αἰ’τια,“
2774 1852 2849 1912 ut

535 1963 635 2027 ita
660 1961 889 2042 dicam,
930 1958 1297 2041 „Romana“
1326 1959 1709 2025 Callimachi
1735 1960 2094 2042 exemplum
2123 1963 2414 2024 secutum
2440 1955 2850 2037 Propertium

537 2067 641 2134 his
682 2071 1009 2134 tractasse
1054 2067 1464 2150 carminibuS,
1525 2087 1671 2132 cum
1728 2087 1833 2135 vv.
1881 2068 1958 2150 V,
2013 2073 2068 2149 1,
2105 2069 2372 2132 -61-64
2413 2063 2848 2141 confirmatur,

541 2183 679 2242 tum
726 2187 831 2242 vv.
879 2175 957 2258 V,
1012 2181 1109 2255 10,
1160 2182 1191 2240 1
1242 2179 1441 2256 atque
1488 2182 1549 2258 9,
1606 2180 1683 2242 71
1733 2176 2204 2257 comprobatur.
2292 2173 2372 2238 In
2418 2170 2498 2236 el.
2553 2169 2720 2234 enim
2772 2174 2849 2232 10

538 2305 601 2353 v.
652 2291 681 2349 1
738 2287 1045 2367 „causas“
1091 2282 1279 2350 Jovis
1321 2283 1583 2349 Feretri
1626 2303 1696 2349 se
1741 2303 1886 2350 esse
1925 2287 2300 2366 aperturum
2345 2280 2506 2345 dicit
2540 2283 2739 2357 atque
2782 2275 2848 2338 in

541 2394 619 2459 el.
666 2398 703 2459 9
751 2411 809 2460 v.
859 2397 936 2457 ’71
980 2391 1048 2456 111
1092 2391 1478 2472 explicanda
1518 2391 1824 2458 Herculis
1869 2390 2266 2476 cognominis
2305 2385 2607 2472 ‚,Sancti“
2654 2401 2851 2449 causa

541 2502 751 2569 utitur
808 2500 1053 2568 verbis:
1122 2499 1403 2582 „Sancte
1466 2508 1657 2581 pater
1725 2501 2050 2582 „salve,““
2109 2499 2338 2580 quibus
2393 2495 2612 2562 verbis
2655 2489 2851 2558 Calli-

541 2612 840 2677 machum
888 2627 1033 2676 eum
1077 2626 1222 2674 esse
1262 2607 1590 2674 imitatum
1633 2627 1828 2673 manu
1885 2609 2285 2690 prehendere
2343 2603 2568 2686 possiS,
2631 2599 2739 2681 qui
2783 2598 2851 2664 in

542 2721 713 2803 frag.
766 2724 906 2784 120.
946 2716 1297 2783 Herculem
1332 2717 1686 2797 alloquitur
1726 2721 1978 2802 ,,χαῑρε“
2003 2717 2074 2802 2).
2145 2714 2328 2797 Quae
2373 2731 2517 2777 cum
2559 2711 2655 2775 ita
2697 2707 2850 2788 sint,

542 2827 803 2894 dubium
866 2843 995 2890 non
1050 2843 1191 2890 esse
1246 2824 1525 2907 videtur,
1580 2825 1733 2905 quin
1790 2824 1892 2889 his
1949 2824 2015 2888 in
2075 2821 2304 2904 elegiis
2362 2822 2671 2903 „causas“
2731 2813 2853 2880 sibi

544 2935 929 3002 tractandas
972 2933 1379 3015 proposuerit
1423 2933 1817 3014 Propertius.

754 3041 1034 3113 Consilio
1075 3041 1297 3124 igit-ur,
1344 3061 1384 3107 a
1428 3059 1551 3121 quo
1598 3041 1875 3107 omnium
1917 3041 2160 3120 horum,
2205 3037 2287 3102 de
2332 3035 2562 3116 quibus
2599 3032 2849 3116 agimus

546 3151 898 3218 carminum
942 3149 1120 3232 origo
1166 3153 1268 3215 est
1309 3151 1687 3232 repetenda,
1740 3149 2006 3214 definito
2049 3160 2600 3227 supervacaneum
2643 3158 2852 3222 paene

550 3278 691 3325 esse
735 3258 1016 3340 videtur,
1066 3258 1168 3323 his
1205 3257 1433 3340 elegiis
1470 3258 1826 3322 carminum
1851 3275 2057 3339 genus
2100 3255 2183 3321 ab
2229 3271 2322 3335 eo,
2365 3251 2532 3332 quod
2577 3249 2854 3330 priorum

548 3365 855 3434 librorum
894 3364 1122 3447 elegiis
1166 3365 1473 3446 cernitur,
1518 3365 1713 3450 plane
1759 3365 2082 3430 diversum
2126 3359 2445 3426 contineri
2487 3355 2855 3423 accuratius

548 3490 890 3556 exponere.
982 3471 1110 3537 Sed
1156 3472 1381 3553 paucis
1416 3474 1750 3555 attingere
1793 3472 2008 3537 liceat.

755 3582 975 3660 Atque
1016 3580 1182 3645 duae
1226 3599 1383 3661 prae
1428 3583 1666 3647 ceteris
1725 3597 1830 3644 res
1872 3596 2014 3644 esse
2072 3575 2396 3655 videntur,
2459 3572 2687 3652 quibus
2729 3569 2854 3635 dis-

554 3688 797 3754 crimen
832 3688 1177 3772 proprium,
1223 3690 1391 3769 quod
1436 3690 1610 3755 inter
1648 3690 1768 3754 has
1800 3687 2211 3770 reliquasque
2248 3681 2571 3764 Propertii
2612 3677 2858 3761 elegias

548 3795 901 3862 intercedi-t
944 3796 1251 3879 cernitur,
1302 3816 1570 3877 quarum
1614 3798 1828 3863 altera
1873 3795 2086 3877 posita
2143 3797 2245 3858 est
2288 3791 2355 3856 in
2399 3791 2536 3871 ipso
2578 3788 2776 3867 fonte,
2821 3803 2856 3850 e

552 3923 676 3987 quo
714 3904 957 3970 effusae
996 3909 1148 3971 sunt
1186 3906 1308 3972 hae
1340 3907 1611 3990 elegiae,
1652 3907 1866 3972 altera
1889 3905 1959 3968 in
1993 3902 2266 3984 ratione,
2309 3917 2436 3979 qua
2469 3900 2858 3980 argumenta

553 4013 738 4095 epica
776 4011 843 4078 in
885 4012 1110 4078 iisdem
1147 4017 1537 4079 tractantur.
1613 4014 1779 4078 Nam
1815 4031 1957 4077 cum
1990 4029 2210 4077 omnes
2240 4009 2522 4090 priorum
2551 4005 2856 4070 librorum

555 4120 807 4204 elegiae
852 4121 1194 4203 perpaucis
1237 4123 1387 4187 libri
1430 4123 1465 4186 I
1504 4127 1572 4187 et
1614 4121 1711 4186 IV
1757 4119 2066 4201 exceptis,
2117 4117 2592 4194 nonnullaeque
2621 4113 2770 4179 libri
2797 4111 2858 4176 V

556 4247 637 4294 ex
675 4234 909 4312 poetae
950 4249 1109 4313 erga
1139 4229 1486 4313 Cynthiam
1520 4248 1738 4296 amore
1781 4228 1912 4295 sint
1955 4231 2213 4309 enatae,
2261 4225 2357 4290 ita
2391 4230 2466 4289 ut
2507 4223 2670 4290 talia
2715 4225 2860 4286 tan-

768 4459 805 4528 ¹)
842 4459 907 4513 cf.
936 4461 1029 4525 IV,
1070 4461 1111 4526 1,
1154 4461 1299 4512 1—6.
1337 4460 1384 4524 9,
1418 4458 1501 4512 43.
1539 4458 1624 4512 44.
1659 4458 1759 4522 III,
1797 4457 1878 4522 32,
1914 4457 1996 4512 31.
2032 4456 2114 4509 32.

762 4551 803 4617 2)
844 4550 910 4608 ef.
947 4550 1195 4620 Dilthey:
1236 4549 1299 4604 de
1338 4548 1650 4606 Callimachi
1686 4547 1814 4618 Cyd.
1851 4565 1900 4618 p.
1942 4549 2054 4601 106.
