3142 4984
1539 443 1968 506 ...22-

595 613 808 692 poeta,
874 627 1017 674 cum
1075 608 1141 674 in
1203 609 1352 690 illis,
1410 613 1750 690 postquam
1808 613 2199 689 conquestus
2233 615 2337 675 est
2376 610 2633 703 puellae
2676 628 2901 693 moreS,

591 717 1031 784 asseveranda
1061 735 1178 782 sua
1218 716 1421 800 ipsius
1461 718 1589 782 flde
1636 722 1705 786 et
1748 717 2047 800 precibus
2088 737 2278 798 quam
2323 717 2905 785 vehementissimis

591 828 960 893 obtestetur
1015 830 1083 891 et
1143 827 1442 892 obsecret
1500 827 1702 908 illam,-
1765 831 1841 892 ut
1880 827 2070 893 fidem
2112 827 2550 907 virtutemque
2600 827 2795 910 colat,
2838 828 2903 892 in

595 927 840 1001 nostris
881 934 1273 1002 carminibus
1317 953 1444 1001 non
1467 934 1607 1000 sine
1644 953 1879 1018 magno
1904 935 2123 1001 dolore
2154 939 2335 1001 totus
2358 937 2442 1001 ab
2472 936 2588 1002 illa
2620 954 2690 1001 se
2719 955 2901 1002 aver-

589 1049 737 1109 tens
781 1042 1119 1110 invehitur
1161 1043 1229 1108 in
1275 1042 1518 1108 aetat-is
1563 1060 1720 1108 suae
1769 1043 2144 1125 nequitiam,
2187 1043 2649 1124 mulierumque
2692 1043 2901 1125 pravi-

587 1155 818 1232 tatem,
864 1150 961 1216 ita
1006 1155 1082 1216 ut
1123 1155 1390 1232 praeter
1421 1149 1881 1215 allocutionem
1912 1149 2092 1216 illam
2129 1151 2295 1238 satis
2332 1152 2541 1218 levem
2584 1151 2651 1217 in
2694 1152 2775 1217 el.
2826 1159 2900 1218 18

478 1332 483 1337 ,
587 1257 948 1325 adhibitam
972 1275 1092 1322 nec
1116 1256 1441 1339 Cynthiae
1465 1274 1673 1336 neque
1694 1255 1947 1322 omnino
1972 1257 2209 1326 amoris
2230 1258 2329 1324 sui
2348 1259 2590 1324 mentio
2612 1257 2731 1325 fiat
2749 1260 2901 1326 ulla.

794 1364 979 1447 Quod
1015 1365 1199 1431 modo
1239 1364 1744 1446 observavimus,
1792 1364 2150 1448 elegiarum
2180 1371 2570 1449 argumenta
2599 1369 2902 1435 recedere

587 1473 903 1556 paulatim
943 1493 983 1540 a
1027 1477 1262 1555 poetae
1308 1465 1650 1556 amoribuS,
1696 1473 1865 1538 idem
1913 1473 2277 1540 invenimus
2318 1475 2386 1541 in
2415 1476 2521 1542 ell.
2568 1482 2645 1541 10
2692 1481 2761 1541 et
2803 1483 2897 1559 16,

585 1600 751 1663 quae
799 1598 1068 1647 exorsae
1112 1599 1193 1646 ex
1219 1581 1458 1646 amoris
1496 1579 1873 1645 condicione
1903 1584 2163 1662 poetam
2194 1582 2399 1647 amori
2427 1588 2900 1668 repugnantem

583 1691 953 1776 ostendunt.
1042 1691 1121 1754 In
1183 1691 1264 1754 61.
1327 1689 1496 1754 6111111
1561 1695 1639 1754 10
1700 1707 1770 1754 66
1834 1706 1963 1753 11611
2018 1689 2243 1755 valere
2301 1691 2386 1775 ad
2446 1691 2899 1758 excutiendum

581 1801 808 1867 durum
849 1800 1388 1879 inhonestumque
1434 1797 1761 1882 Cynthiae
1799 1788 2047 1881 jugum,
2098 1799 2264 1878 quod
2305 1801 2407 1891 ab=
2425 1799 2632 1865 amico
2673 1820 2897 1883 oppro-

580 1909 719 1975 brio
764 1908 888 1975 sibi
931 1925 1073 1974 esse
1117 1906 1410 1972 habitum
1445 1905 1656 1988 fingit,
1713 1924 1787 1971 eo
1830 1905 2101 1990 refutat,
2150 1908 2316 1988 quod
2361 1909 2673 1989 exemplis
2719 1922 2771 1975 e'
2801 1911 2896 1976 fa-

582 2009 752 2083 bulis
797 2015 1154 2098 desumptis
1207 2015 1464 2097 puellae
1511 2013 1848 2081 servitium
1886 2015 2010 2080 sibi
2053 2007 2458 2097 nequaquam
2486 2021 2691 2099 ‚turpe
2735 2035 2895 2100 esse,

582 2125 882 2208 quoniam
926 2123 1228 2188 mulieres
1273 2123 1354 2186 de
1407 2125 1648 2186 natura
1707 2125 1905 2200 atque
1950 2122 2089 2188 deis
2144 2123 2297 2203 quin
2342 2122 2539 2189 etiam
2586 2124 2665 2190 de
2708 2126 2896 2206 patre

581 2237 843 2302 deorum
887 2228 1156 2314 magnos
1200 2229 1459 2313 egerint
1511 2229 1890 2313 triumphos,
1950 2232 2341 2312 comprobat.
2430 2235 2651 2312 Atque
2698 2233 2895 2298 etiam

584 2343 793 2426 magis
835 2360 904 2408 se
947 2339 1246 2406 excusari
1269 2339 1660 2420 Cleopatrae
1702 2340 2015 2422 exemplo,
2056 2358 2223 2419 quae
2250 2341 2518 2405 Romam
2548 2341 2757 2422 ipsam
2788 2359 2893 2406 ex-

583 2453 869 2534 cidisset,
916 2449 1044 2516 nisi
1087 2465 1252 2514 unus
1295 2448 1408 2513 ille
1449 2449 1812 2529 AugustuS,
1858 2447 1923 2512 in
1975 2448 2157 2532 cujUs
2194 2448 2493 2514 laudibus
2539 2452 2685 2514 tota
2725 2467 2891 2532 quae

578 2565 792 2628 'restat
855 2559 1108 2642 elegiae
1164 2576 1316 2640 pars
1385 2560 1707 2638 versatur,
1770 2551 2022 2622 fuisset.
2130 2555 2273 2638 Qua
2330 2556 2398 2622 in
2459 2557 2671 2640 elegia
2730 2576 2891 2640 cum,

585 2652 753 2751 quod
797 2669 1130 2735 illustrare
1173 2666 1384 2734 voluit
1425 2684 1495 2732 se
1543 2665 1839 2731 dominae
1879 2663 2156 2730 vinculis
2198 2665 2447 2732 exsolvi
2486 2666 2664 2732 nullo
2708 2666 2893 2732 modo

576 2797 784 2860 posse,
826 2777 1108 2860 ingenue
1151 2773 1538 2856 profiteatur
1576 2777 1793 2856 poeta,
1846 2773 1914 2838 111
1961 2773 2041 2838 61.
2096 2779 2171 2838 16
2198 2773 2529 2839 Bacchum
2570 2775 2779 2858 deum,
2820 2779 2895 2841 ut

576 2887 762 2954 donis
820 2885 952 2952 suis
1010 2885 1217 2966 ipsum
1277 2883 1514 2948 liberet
1571 2899 1809 2963 amore,
1875 2899 2062 2960 quem
2122 2900 2332 2961 neque
2377 2883 2728 2949 obliterare
2772 2901 2893 2949 nec

582 2997 705 3062 sibi
749 2993 1110 3068 conciliare
1139 2991 1363 3074 possit,
1410 2991 1662 3056 adorat.
1753 2989 1921 3054 Nam

779 3121 927 3185 „Hoc
964 3118 1111 3183 mihi,
1147 3117 1339 3186 inquit,
1378 3116 1516 3185 quod
1553 3118 1758 3170 veteres
1797 3114 2032 3169 custodit
2066 3115 2122 3167 in
2151 3114 2363 3169 ossibus
2396 3115 2564 3184 ignes,

989 3209 1200 3262 Funera
1239 3206 1506 3261 sanabunt
1543 3209 1640 3260 aut
1678 3209 1775 3260 tua
1808 3207 1933 3259 vina
1958 3205 2210 3260 malum.“

573 3317 619 3383 J
621 3337 726 3384 am
779 3335 934 3384 vero
996 3317 1053 3381 si
1109 3313 1346 3395 quietis
1403 3333 1615 3395 quam·
1652 3313 1929 3378 maxime
1975 3317 2327 3393 exoptatae
2371 3331 2628 3394 compos
2674 3314 2891 3379 factus

577 3427 682 3508 sit,
723 3423 1164 3490 fidelissimum
1209 3441 1280 3488 se
1321 3422 1426 3487 dei
1464 3421 1829 3486 ministrum
1862 3426 1931 3485 et
1956 3419 2310 3486 satellitem
2343 3419 2514 3487 vites
2533 3420 2891 3502 positurum

573 3538 773 3614 atque
819 3536 1039 3598 vatem
1085 3530 1224 3614 ejus
1268 3529 1664 3611 triumphum
1708 3547 1849 3594 esse
1896 3528 2391 3592 celebraturum.

584 3632 588 3634 ‘
787 3639 1083 3720 Utraque
1121 3638 1328 3721 igitur
1365 3637 1428 3702 in
1475 3635 1690 3720 elegia
1721 3639 1917 3717 poeta
1964 3635 2115 3701 inde
2152 3652 2435 3716 exorsus
2481 3653 2552 3700 se
2596 3634 2891 3714 quamvis

576 3748 944 3831 cupientem
974 3747 1298 3830 Cynthiae
1337 3745 1574 3812 amoris
1620 3744 1916 3811 oblivisci
1960 3763 2087 3810 non
2128 3762 2335 3827 posse,
2384 3744 2454 3809 111
2496 3745 2711 3809 altera
2752 3762 2889 3808 mu-

580 3847 809 3922 lierum
852 3855 1119 3937 imperio
1160 3855 1490 3921 illustrato
1555 3857 1737 3918 totus
1783 3857 1886 3919 est
1927 3851 2003 3918 in·
2042 3852 2324 3919 Caesare
2366 3851 2775 3934 celebrandO,
2820 3851 2889 3916 in

577 3967 791 4032 altera
832 3963 899 4029 in
942 3965 1138 4028 rebus
1181 3981 1222 4028 a
1266 3963 1526 4028 Baccho
1576 3961 1783 4044 gestis
1825 3961 2126 4027 laudibus
2168 3960 2577 4026 adornandis.
2898 3961 2905 3970 “

783 4071 965 4154 Quae
1005 4089 1148 4137 cum
1189 4070 1288 4136 ita
1321 4069 1455 4136 sint
1485 4069 1739 4151 elegiae
1782 4069 1966 4134 modo·
2004 4073 2337 4135 tractatae
2372 4069 2668 4134 indicant
2700 4067 2885 4148 illud,

574 4179 742 4258 quod
786 4179 866 4244 61.
913 4186 991 4246 21
1049 4197 1119 4244 se
1177 4196 1319 4245 esse
1363 4178 1689 4243 facturum
1734 4181 1803 4242 et
1848 4178 1953 4244 611.
2002 4182 2085 4244 24
2125 4181 2195 4242 et
2234 4181 2315 4242 25
2362 4176 2598 4242 fecisse
2640 4194 2711 4241 se
2753 4179 2886 4240 tes-

573 4292 759 4354 tatur
786 4287 1185 4371 Propertius,
1232 4291 1431 4368 atque
1461 4287 1558 4352 ita
1591 4286 1867 4370 quidem,
1907 4290 1982 4351 ut
2022 4286 2125 4354 611.
2168 4291 2270 4354 12.
2322 4292 2419 4352 13.
2467 4292 2562 4351 18.
2601 4302 2885 4366 causam,

575 4385 682 4460 611.
732 4401 812 4460 10
855 4398 924 4460 et
963 4401 1040 4461 16
1069 4395 1408 4478 rationem,
1457 4395 1688 4475 quibus
1710 4398 1786 4460 ut
1814 4393 2164 4477 Cynthiam
2192 4395 2452 4479 rejiciat
2487 4395 2629 4461 fieri
2654 4394 2883 4478 possit,

437 4527 439 4530 ⁴
557 4503 880 4569 indicent.
975 4503 1133 4570 Cum
1190 4506 1312 4571 hoc
1373 4508 1603 4569 autem’
1645 4502 1913 4568 consilio
1957 4505 2223 4569 tandem
2284 4506 2476 4584 capto
2520 4502 2884 4569 arctissime
