3142 4984
1492 451 1917 509 ..12-

546 617 815 682 strando
847 634 987 682 esse
1019 621 1336 698 occupata
1360 617 1561 698 primo
1596 619 1827 682 obtutu
1851 623 2143 700 apparet,
2181 635 2565 697 enumerem,
2607 635 2687 684 ex
2712 617 2863 680 reli-

548 743 812 804 quorum
854 729 1072 790 autem
1117 727 1540 807 argumentiS,
1604 744 1869 807 quorum
1924 745 2121 792 causa
2163 731 2361 806 atque
2403 726 2582 808 origo
2624 743 2774 789 num
2820 745 2862 790 a

544 837 780 912 poetae
827 851 986 914 erga
1033 833 1380 915 Cynthiam
1441 853 1660 899 amore
1720 835 1851 901 sint
1909 835 2305 916 repetendae
2352 833 2610 899 dubium
2653 831 2863 898 videri
2926 898 2931 903 .

544 944 785 1022 potest,
832 945 1156 1019 quatenus
1201 942 1285 1006 ad
1325 942 1508 1006 illum
1552 942 1948 1024 pertineant,
1999 961 2225 1008 eruere
2267 942 2585 1006 studeam.
2700 946 2704 950 ’

749 1051 966 1129 Atque
1011 1049 1161 1114 libri
1215 1050 1249 1114 Ι
1299 1050 1654 1132 elegiarum
1710 1057 1789 1116 22
1848 1051 1932 1116 ad
1978 1051 2329 1132 Cynthiam
2372 1051 2579 1130 ipsam
2624 1048 2862 1112 missae

545 1161 666 1222 unt
705 1165 765 1239 6,
825 1177 949 1222 sc.:
1015 1163 1073 1224 2.
1132 1165 1187 1223 8.
1239 1163 1334 1224 11.
1392 1165 1489 1224 15.
1543 1165 1641 1223 17.
1693 1165 1806 1238 19;
1874 1159 1941 1223 in
1996 1159 2223 1240 puella
2279 1176 2435 1226 vero
2489 1161 2861 1239 poetaeque

544 1265 869 1331 amoribus
907 1265 1317 1342 celebrandis
1342 1271 1692 1331 versantur
1726 1273 1765 1331 8
1797 1285 1919 1332 sc.:
1973 1273 2024 1332 1.
2072 1273 2131 1332 3.
2176 1271 2234 1332 4.
2282 1273 2342 1332 5.
2377 1273 2433 1334 6.
2475 1271 2578 1332 12.
2624 1269 2719 1330 14.
2760 1271 2859 1330 18.

544 1373 695 1439 Jam
742 1393 982 1453 earum,
1031 1393 1196 1454 quae
1240 1378 1516 1455 restant,
1567 1374 1923 1456 elegiarum
1969 1375 2150 1456 duas,
2196 1380 2233 1439 7
2282 1378 2350 1438 et
2392 1380 2450 1456 9,
2497 1372 2861 1438 arctissime

548 1483 724 1548 inter
771 1501 840 1547 se
883 1483 1285 1565 conjunctaS,
1351 1483 1404 1547 si
1451 1482 1707 1561 quidem
1765 1483 1881 1546 illa
1918 1482 2180 1566 jocatur
2219 1482 2617 1562 Propertius,
2661 1480 2861 1545 etiam

545 1590 904 1671 Ponticum,
967 1591 1306 1670 superbum
1367 1594 1624 1670 poetam
1684 1590 1931 1670 epicum
1990 1591 2120 1656 vim
2168 1591 2405 1656 amoris
2449 1609 2591 1654 esse
2634 1607 2860 1670 exper-

543 1704 780 1779 turum,
843 1698 966 1761 hac
1029 1697 1094 1762 id
1148 1697 1354 1777 ipsum
1416 1698 1733 1763 accidisse
1801 1699 2064 1781 gaudet,
2128 1699 2212 1764 ad
2270 1699 2541 1762 eandem
2598 1715 2859 1762 causam

545 1825 687 1871 esse
729 1805 1108 1870 referendas
1150 1805 1386 1870 docent
1431 1805 1620 1886 primi
1664 1825 1718 1872 c.
1765 1812 1821 1872 9.
1872 1825 2130 1872 versus:

1061 1933 1347 1998 „Dicebam
1385 1933 1486 1986 tibi
1527 1938 1780 1988 venturos
1814 1936 1993 1988 irrisor
2028 1951 2229 1990 amores

1180 2024 1230 2076 N
1235 2040 1293 2077 ec
1329 2024 1430 2077 tibi
1466 2029 1721 2095 perpetuo
1757 2026 1923 2080 libera
1960 2026 2117 2080 verba
2151 2027 2313 2080 fore.“

546 2137 743 2216 plane
790 2136 1258 2216 respondentes
1303 2137 1611 2201 extremis
1653 2157 1709 2206 c.
1756 2145 1809 2205 7.
1853 2139 2179 2203 versibus:

955 2266 1070 2330 „Tu
1106 2283 1231 2319 cave
1267 2270 1450 2320 nostra
1487 2271 1583 2320 tuo
1620 2271 1925 2322 contemnas
1961 2259 2193 2322 carmina
2226 2269 2400 2321 fastu:

1061 2357 1226 2426 Saepe
1264 2359 1411 2411 venit
1446 2376 1639 2427 magno
1676 2359 1851 2412 fenore
1888 2359 2072 2413 tardus
2112 2361 2323 2412 Amor.“

547 2446 766 2526 Atque
815 2465 866 2513 c.
913 2452 948 2510 7
995 2453 1398 2530 argumente,
1462 2469 1585 2530 quo
1642 2450 1911 2515 Pontico
1970 2456 2197 2531 utpote
2256 2454 2488 2530 poetae
2532 2448 2731 2529 epic0,
2778 2466 2860 2512 ne

549 2573 812 2634 prorsus
877 2561 1254 2622 contemnat
1304 2558 1567 2624 levioris
1630 2559 1934 2623 carminis
1996 2559 2298 2623 amatorii
2352 2557 2571 2623 modos
2628 2557 2861 2621 suadet

548 2662 945 2745 PropertiuS,
995 2665 1235 2730 collato
1278 2684 1418 2730 cum
1465 2667 1544 2731 el.
1596 2671 1631 2731 9
1680 2685 1739 2756 Y·
1795 2672 1820 2731 1
1872 2670 2165 2747 apparet,
2211 2665 2551 2730 Ponticum
2586 2663 2858 2728 ludibrio

550 2771 852 2836 habuisse
899 2790 1062 2853 eum,
1109 2773 1276 2851 quod
1316 2778 1498 2838 totus
1539 2779 1715 2838 esset
1756 2775 1825 2838 in
1866 2775 2191 2840 amoribus
2231 2772 2541 2838 canendis
2583 2790 2703 2836 nec
2748 2790 2859 2836 va-

548 2880 717 2944 leret
753 2879 965 2944 animo
1002 2881 1087 2944 ad
1121 2881 1410 2947 carmina
1452 2883 1638 2962 epica
1663 2884 2025 2965 pangenda.
2083 2883 2375 2960 Utraque
2419 2881 2623 2963 igitur
2650 2879 2860 2962 elegia

547 2986 912 3052 arctissime
945 2988 1292 3071 conjuncta
1325 2992 1427 3052 est
1465 3008 1609 3053 cum
1641 2995 1875 3070 poetae
1899 3010 2135 3071 amore,
2176 2990 2358 3072 cujus
2383 2989 2555 3053 ultro
2582 2991 2857 3066 utraque

547 3097 637 3182 (7,
685 3083 914 3161 5—14.
957 3101 1017 3178 9,
1066 3095 1262 3182 5—7)
1305 3100 1407 3161 est
1450 3098 1664 3178 plena.

757 3202 964 3268 Simili
999 3205 1273 3283 quodam
1298 3205 1556 3271 vinculo
1584 3205 1757 3270 inter
1801 3223 1869 3270 se
1908 3205 2180 3288 junctae
2223 3208 2375 3268 sunt
2404 3203 2509 3267 ell.
2550 3208 2627 3266 10
2672 3207 2742 3266 et
2783 3206 2856 3265 13

551 3311 635 3375 ad
677 3309 936 3374 Gallum
983 3311 1258 3376 amicum
1305 3313 1622 3392 scriptae,
1674 3313 1741 3377 in
1786 3311 1867 3376 el.
1916 3312 2083 3376 enim
2136 3318 2229 3391 10,
2276 3328 2418 3374 cum
2463 3313 2859 3388 quantopere

551 3417 818 3499 gavisus
860 3418 966 3499 sit,
1009 3417 1268 3483 Gallum
1313 3421 1569 3500 puellae
1614 3420 1947 3503 cujusdam
1991 3437 2207 3483 amore
2252 3417 2537 3500 flagrare
2578 3417 2860 3496 coepisse

552 3529 680 3610 (vv.
730 3530 981 3608 1—10.)
1019 3531 1302 3606 exponat
1332 3527 1653 3607 Galloque
1697 3527 2007 3607 quomodo
2038 3526 2295 3607 puellae
2330 3525 2676 3590 caritatem
2707 3523 2859 3588 reti-

551 3653 707 3698 nere
747 3634 952 3714 possit
1010 3640 1084 3698 ut
1141 3632 1561 3716 demonstret,
1623 3635 1775 3714 quid
1820 3636 2107 3718 Cynthia
2168 3653 2239 3699 se
2298 3634 2506 3714 ipsum
2550 3631 2857 3713 docuerit,

559 3745 824 3808 enarret
865 3743 997 3828 (vv,
1048 3745 1329 3830 12—30)
1371 3744 1769 3826 Propertius
1814 3744 1882 3808 in
1928 3762 1981 3808 c.
2031 3749 2128 3826 13,
2173 3741 2564 3823 respiciente
2602 3740 2715 3804 illo
2759 3757 2859 3804 vv.

558 3857 636 3916 14
678 3869 815 3930 sqq.
861 3850 938 3916 el.
998 3857 1098 3932 10,
1151 3852 1447 3934 graviter
1493 3853 1751 3916 incusat
1794 3851 2077 3933 Gallum,
2138 3852 2305 3932 quod
2360 3850 2459 3917 ita
2493 3868 2622 3914 non
2663 3847 2861 3929 ipsius

551 3979 732 4026 amor
771 3959 868 4025 illi
911 3978 1105 4024 curae
1154 3961 1260 4043 sit,
1307 3967 1381 4025 ut
1421 3961 1630 4040 maliS,
1688 3961 1919 4040 quibus
1973 3959 2111 4040 ipse
2155 3960 2217 4023 in
2266 3977 2482 4022 amore
2527 3962 2857 4039 urgeatur,

555 4071 858 4135 laetetur.
954 4066 1266 4150 Quamvis
1321 4068 1523 4150 igitur
1582 4067 1685 4132 cui
1740 4087 1860 4148 par
1908 4067 2075 4148 pari.
2107 4066 2433 4130 referatur
2477 4065 2710 4148 dignus
2756 4065 2857 4147 sit,

554 4183 780 4242 tamen
837 4179 914 4240 ut·
969 4177 1227 4256 puellae
1281 4195 1478 4258 amor,
1535 4176 2003 4256 quoincensus
2044 4175 2150 4258 sit,
2210 4173 2369 4239 felix
2412 4179 2481 4238 et
2512 4179 2861 4255 perpetuus

548 4284 686 4367 fiat,
732 4302 800 4348 se
836 4289 1073 4364 optare
1117 4283 1295 4348 dicit.
1362 4283 1610 4366 Quibus
1654 4279 2013 4365 perspectis
2060 4283 2139 4349 el.
2190 4291 2265 4348 10
2308 4301 2695 4361 quamquam
2730 4291 2859 4344 non

551 4396 686 4456 tam
746 4411 787 4456 a
847 4390 1191 4473 Propertii,
1255 4410 1443 4471 quam
1507 4391 1685 4458 Galli
1744 4411 1960 4456 amore
2020 4392 2487 4456 exardescente
2545 4389 2859 4471 proficisci

551 4500 731 4567 illam
787 4503 1243 4582 argumentum
1301 4501 1512 4582 docet,
1569 4507 1794 4566 tamen
1854 4519 1927 4564 eo
1972 4518 2114 4564 cum
2158 4499 2483 4580 Propertii
2539 4498 2859 4563 amoribus
