3142 4984
1562 406 1938 466 *3*

798 575 1017 654 Atque
1058 573 1126 638 in
1172 574 1251 638 el.
1300 573 1354 654 Ι,
1406 578 1462 645 1.
1508 590 1894 652 quamquam
1927 570 2301 651 carminum,
2341 587 2508 650 quae
2553 568 2929 646 sequuntur

592 681 833 749 mentio
875 681 968 752 fit·
991 682 1193 764 nulla,
1256 684 1473 746 tamen
1523 699 1668 746 cum
1725 683 1936 745 totum
1991 696 2061 743 se
2116 681 2188 743 et
2244 695 2490 742 summa
2535 680 2604 741 et
2661 672 2924 738 infelici

592 790 919 874 Cynthiae
964 807 1182 856 amore
1228 789 1406 855 dicat
1449 787 1682 870 teneri,
1741 787 1862 852 hoc
1916 786 2124 868 ipsum
2166 783 2331 850 facit
2373 781 2774 865 Propertius,
2840 783 2922 844 ut

591 918 758 980 quae
818 898 952 965 sint
994 897 1283 964 carmina
1339 899 1646 962 secutura
1688 895 1994 962 ostendat
2052 896 2122 959 et
2167 893 2352 974 quasi
2396 891 2644 958 fontem
2689 907 2918 956 eorum

584 1132 789 1201 pertius
827 1131 995 1200 igitur
1026 1130 1229 1184 maiora
1267 1146 1425 1198 quam
1472 1129 1664 1183 lectuli
1699 1128 1841 1182 bella
1877 1130 1933 1180 et
1968 1125 2321 1196 praeclariora
2356 1141 2412 1179 se
2450 1127 2752 1179 cantaturm
2792 1138 2913 1176 esse

584 1221 875 1292 pollicitus,
899 1236 1019 1275 cum
1036 1236 1207 1290 pauca
1233 1219 1345 1288 ejus
1367 1220 1573 1288 generis
1604 1219 1854 1290 proferat,
1891 1217 2078 1270 horum
2097 1217 2333 1288 ipsorum
2353 1215 2630 1270 levitatem
2659 1229 2913 1268 excusare

581 1309 781 1375 studet,
853 1309 935 1363 ita
992 1313 1057 1362 ut
1126 1309 1296 1362 omnis
1356 1312 1545 1378 poetae
1609 1306 1870 1376 cogitatio
1925 1307 2024 1360 hoc
2077 1305 2306 1361 carmine
2361 1304 2711 1369 contineatur,
2769 1301 2907 1356 alio-

578 1418 697 1454 rum
734 1399 927 1454 diversi
963 1399 1169 1467 generis
1221 1400 1525 1468 poematum
1546 1439 1559 1462 ,
1617 1413 1644 1450 e
1681 1397 1874 1466 quibus
1909 1399 2125 1450 constat
2158 1399 2311 1449 totus
2346 1395 2439 1463 qui
2473 1393 2715 1463 sequitur
2751 1391 2906 1454 liber,

576 1491 729 1545 nulla
780 1505 1006 1558 usquam
1069 1488 1168 1542 fiat
1217 1488 1533 1558 designatio,
1622 1487 1925 1542 Knauthius
1984 1488 2248 1555 (Quaestt.
2318 1486 2510 1555 Propp.
2579 1484 2705 1538 diss.
2776 1483 2902 1536 Hal.

573 1581 715 1646 -1878
750 1597 802 1650 p.
848 1580 915 1632 26
956 1597 1006 1633 n.
1044 1580 1116 1647 4.)
1164 1596 1313 1644 vere,
1369 1595 1488 1634 cum
1526 1578 1685 1644 dicit,
1741 1578 1966 1647 elegiam
2016 1594 2077 1631 eo
2128 1576 2351 1630 consilio
2401 1576 2655 1646 scriptam
2702 1591 2734 1630 a
2773 1575 2904 1628 Pro-

577 1671 775 1741 perti0,
833 1672 897 1723 ut
931 1670 1138 1724 veniam
1173 1672 1378 1740 peteret
1427 1668 1493 1724 ab
1530 1669 1793 1738 Augusto,
1829 1672 1892 1722 ut
1927 1672 2086 1724 autea
2111 1668 2204 1738 (11.
2247 1669 2312 1735 1.)
2349 1667 2720 1730 aMaecenate‚
2757 1665 2901 1735 quod

576 1762 775 1832 elegias
812 1762 862 1815 ei
898 1761 1107 1816 offerret
1140 1760 1444 1826 amatoriae,
1480 1761 1801 1831 prooemium
1852 1776 1965 1814 esse
2011 1757 2374 1828 accipiendum
2417 1757 2541 1810 libri
2586 1757 2689 1822 ΙΙΙ,
2747 1756 2902 1824 cujus

578 1851 739 1906 verba
787 1852 865 1905 sic
911 1851 1022 1905 sint
1087 1851 1424 1923 explicanda:
1506 1851 1669 1918 „Cum
1731 1850 1844 1919 jam
1899 1851 2131 1920 puellam
2184 1864 2336 1902 suam
2391 1849 2526 1903 satis
2581 1848 2899 1919 scripsisset,

576 1958 729 1996 suum
768 1945 909 1997 certe
945 1941 1138 2007 fuisse,
1184 1958 1269 1996 res
1306 1941 1372 1996 ab
1410 1941 1658 2012 Augusto
1704 1943 1886 2011 gestas
1924 1939 2201 1994 celebrare.
2262 1938 2448 2007 Neque
2485 1941 2663 1992 tamen
2687 1954 2742 1990 se
2782 1951 2898 1990 esse

574 2048 753 2102 parem
786 2035 899 2086 tam
940 2033 1083 2086 elato
1113 2033 1288 2102 poesis
1322 2032 1500 2102 generi
1535 2033 1719 2100 itaque
1754 2047 1948 2085 novum
1995 2047 2230 2084 amorum
2282 2029 2641 2099 composuisse
2700 2027 2896 2082 librum

570 2139 739 2193 eaque
806 2123 965 2190 „vilia
1019 2125 1143 2176 tura
1157 2125 1182 2151 “
1242 2123 1598 2177 Romanorum
1659 2123 1886 2194 principi
1943 2121 2244 2184 dedicare;“
2305 2119 2372 2172 ad
2425 2119 2894 2189 interpretationes

576 2214 733 2268 nimis
770 2215 1046 2268 contortas
1084 2213 1363 2282 confugere
1390 2213 1520 2266 mihi
1544 2213 1772 2278 videtur,
1809 2213 2058 2281 quoniam
2089 2229 2150 2265 ex
2185 2211 2432 2276 carminis
2452 2210 2692 2264 versibus
2726 2213 2893 2264 extre-

580 2305 711 2357 mis:
762 2305 870 2371 „Ut
911 2307 1073 2374 caput
1108 2304 1162 2356 in
1198 2303 1408 2372 magnis
1443 2303 1534 2357 ubi
1570 2321 1676 2356 non
1715 2306 1799 2357 est
1833 2306 2050 2371 tangere
2087 2302 2285 2370 signis“
2327 2318 2369 2354 e.
2407 2318 2456 2370 q.
2495 2318 2536 2354 s.
2577 2301 2893 2371 comparatis

578 2409 696 2449 cum
734 2394 905 2464 priore
956 2393 1155 2463 elegiae
1195 2397 1347 2464 parte
1393 2393 1537 2446 ni-hil
1573 2393 1719 2447 alind
1753 2391 2130 2463 probabilitate
2168 2392 2350 2460 aliqua
2396 2392 2508 2445 erui
2548 2393 2752 2461 potest,
2789 2391 2893 2443 nisi

578 2500 824 2538 excusare
847 2484 1183 2554 Propertium
1210 2483 1385 2538 laudis
1423 2499 1551 2537 suae
1586 2483 1863 2537 levitatem
1900 2499 1975 2548 e0,
2006 2482 2146 2552 quod
2182 2481 2416 2535 nondum
2446 2497 2652 2536 carmen
2689 2481 2889 2550 magni-

571 2573 731 2628 ficum
775 2573 935 2642 idque
986 2574 1253 2628 heroicum
1305 2574 1570 2642 attigerit.
1644 2574 1815 2637 Quare
1853 2589 1970 2627 cum
2009 2590 2054 2627 c.
2103 2573 2206 2639 III,
2258 2574 2283 2626 1
2334 2571 2400 2625 ab
2449 2572 2656 2625 usitata
2698 2587 2886 2635 eorum,

577 2664 772 2733 quibus
807 2665 931 2717 novi
967 2663 1091 2717 libri
1118 2665 1445 2734 incipiuntur
1479 2664 1770 2718 carminum
1804 2664 2011 2719 ratione
2044 2663 2200 2734 plane
2228 2664 2303 2716 sit
2335 2663 2582 2727 alienum,
2617 2661 2686 2715 ad
2709 2677 2888 2732 prooe-

573 2754 737 2807 mium
792 2753 918 2807 libri
966 2753 1193 2808 alicuius
1240 2752 1375 2807 illud
1410 2769 1523 2806 esse
1561 2752 1891 2807 destinatum
1929 2770 1962 2807 a
1995 2756 2155 2822 poeta
2189 2753 2299 2806 veri
2337 2755 2423 2806 est
2457 2751 2884 2805 dissimillimum.

571 2844 735 2898 Mitto
768 2859 960 2898 causas
982 2844 1107 2897 illas
1146 2861 1178 2898 a
1204 2861 1287 2896 vv.
1327 2843 1413 2897 dd.
1448 2843 1662 2912 saepius
1682 2844 1936 2913 prolatas,
1974 2843 2230 2898 absonum
2261 2859 2375 2897 esse
2404 2846 2618 2913 poetam
2653 2842 2701 2896 ei
2737 2841 2883 2906 libre,

572 2934 663 3004 qui
697 2937 849 2988 totus
887 2949 1056 3002 usque
1108 2933 1176 2988 ad
1211 2934 1369 2988 finem
1412 2936 1467 2987 in
1503 2935 1771 2988 amoribus
1805 2933 2133 2988 celebrandis
2172 2936 2438 2998 versetur,
2492 2933 2646 3003 cujus
2682 2949 2884 2987 carmen

572 3027 862 3079 extremum
897 3023 1021 3089 (ΠΙ,
1042 3024 1132 3093 32)
1156 3024 1354 3093 epilogi
1369 3025 1452 3078 loc
1464 3041 1509 3090 0,
1538 3025 1775 3094 positum
1799 3026 2112 3079 amatoriam
2145 3026 2329 3095 poesin
2357 3026 2510 3079 unice
2541 3024 2878 3087 commendet,

568 3113 916 3182 praefationis
962 3114 1079 3167 loco
1129 3129 1338 3168 carmen
1374 3114 1744 3184 praemittere,
1795 3131 1900 3184 quo
1935 3116 2103 3169 amori
2149 3113 2434 3168 valedicat.
2505 3114 2796 3168 Causarum
2830 3117 2880 3166 et

569 3206 866 3274 temporum
901 3204 1145 3272 vestigia,
1181 3220 1317 3272 quae
1335 3204 1471 3258 satis
1498 3207 1644 3258 certa
1669 3205 1857 3258 insunt
1874 3205 1927 3258 in
1955 3205 2054 3260 hoc
2075 3205 2318 3270 carmine,
2354 3208 2572 3258 nostrae
2591 3203 2880 3258 sententiae

571 3293 855 3348 admodum
889 3294 1085 3348 favent.
1158 3295 1475 3362 Temporum
1512 3295 1652 3349 enim
1688 3296 1920 3364 vestigia
1956 3296 2158 3350 conata
2193 3311 2312 3349 cum
2353 3295 2554 3360 causis,
2591 3295 2784 3363 quibus
2817 3293 2880 3348 ad

571 3385 898 3440 condendum
932 3386 1032 3440 hoc
1072 3402 1279 3440 carmen
1324 3386 1592 3456 impulsus
1633 3388 1716 3440 est
1752 3386 2086 3456 Propertius,
2156 3385 2347 3441 docent
2386 3387 2738 3456 compositum
2771 3401 2878 3439 esse

570 3476 707 3529 illud
761 3475 949 3530 iisdem
986 3476 1092 3530 fere
1130 3476 1480 3546 temporibus,
1529 3476 1726 3546 quibus
1759 3480 2019 3530 extremae
2059 3476 2094 3530 l.
2143 3477 2219 3530 IV
2256 3477 2457 3546 elegiae
2504 3477 2606 3544 (24,
2648 3477 2751 3545 25.)
2786 3477 2820 3530 i.
2852 3476 2892 3528 e'

572 3582 633 3620 ea
668 3568 1019 3636 tempestate,
1070 3583 1177 3635 qua
1207 3566 1440 3636 Cynthia
1472 3568 1528 3620 in
1560 3569 1875 3638 perpetuum
1908 3566 2156 3621 abdicata
2197 3567 2266 3621 ad
2304 3566 2452 3622 aliud
2495 3568 2671 3638 poesis
2720 3583 2878 3637 genus

572 3659 736 3726 poeta
769 3673 826 3711 se
863 3659 977 3712 erat
1008 3656 1337 3724 adversurus,
1376 3658 1439 3712 de
1476 3656 1670 3726 quibus
1708 3657 1864 3713 rebus
1901 3658 2040 3712 infra
2074 3658 2288 3712 uberius
2326 3658 2627 3728 disputabo,

778 3769 982 3834 Quibus
1014 3769 1077 3824 de
1111 3770 1287 3824 causis
1328 3787 1449 3825 cum
1498 3786 1558 3824 eo
1598 3771 1820 3824 consilio
1854 3771 2079 3840 elegiam
2118 3770 2372 3840 scriptam
2407 3787 2521 3825 esse
2562 3786 2772 3825 necesse
2809 3770 2876 3824 sit

573 3863 847 3931 putemne,
897 3862 961 3914 ut
1008 3860 1119 3914 alia
1164 3864 1479 3930 argumenta
1523 3878 1579 3915 se
1626 3861 1773 3931 poesi
1821 3861 2083 3915 amatoria
2127 3861 2314 3914 relicta
2362 3877 2476 3914 esse
2527 3863 2876 3915 tractaturum

570 3950 940 4019 pronuntiaret
976 3953 1136 4020 poeta
1172 3954 1226 4004 et
1268 3951 1434 4016 illud,
1472 3951 1615 4021 quod
1646 3951 1830 4021 posuit
1877 3950 2130 4015 Knauth.,
2177 3966 2387 4004 cassum
2439 3966 2554 4004 esse
2599 3955 2780 4022 patet,
2826 3956 2876 4006 et

574 4040 899 4095 Lachmanni
936 4041 1255 4095 sententiam
1290 4041 1360 4096 ad
1394 4043 1606 4097 irritum
1646 4041 1831 4096 cadere
1859 4041 2016 4095 facile
2051 4040 2276 4110 perspici
2312 4043 2508 4111 potest.
2545 4041 2684 4106 Quid
2707 4042 2874 4095 enim?

572 4145 692 4183 cum
728 4131 833 4200 ipsi
869 4129 1224 4196 LachmaunO,
1281 4131 1435 4200 cujus
1470 4133 1730 4186 rationem
1767 4132 2208 4186 confirmaverunt
2243 4129 2588 4201 Eschenburg
2635 4134 2692 4185 et
2722 4132 2874 4185 Luet-

564 4219 765 4288 johann
813 4221 849 4274 l.
901 4220 952 4285 1,
1009 4221 1083 4273 sit
1118 4222 1228 4274 veri
1265 4222 1627 4288 simillimum,
1676 4223 1840 4277 libros
1891 4223 1964 4287 H,
2016 4222 2118 4287 ΙΠ,
2167 4222 2242 4276 IV
2287 4223 2614 4293 conjunctim
2657 4239 2690 4276 a
2723 4225 2873 4292 poeta

568 4311 689 4380 ipso
724 4327 839 4364 esse
871 4310 1058 4376 editos,
1096 4327 1188 4364 cur
1224 4312 1288 4366 el.
1328 4312 1430 4378 111,
1473 4315 1517 4378 l,
1555 4313 1881 4369 destinatam
1915 4314 2066 4367 illam
2105 4315 2160 4367 et
2195 4313 2262 4368 ad
2290 4313 2608 4369 dedicandas
2634 4315 2870 4382 Augusto

572 4400 786 4469 elegias,
823 4415 957 4468 quas
991 4402 1209 4472 scripsit
1246 4403 1535 4456 amatorias
1564 4407 1621 4457 et
1653 4403 1725 4457 ad
1764 4404 2103 4460 indicandum
2138 4403 2276 4458 illud
2309 4404 2485 4472 poesis
2520 4418 2705 4471 genus,
2741 4402 2871 4472 quod

570 4491 767 4544 omissa
790 4491 939 4560 poesi
962 4493 1224 4546 amatoria
1239 4493 1578 4548 tractandum
1597 4493 1699 4548 sibi
1721 4495 2011 4565 proposuit,
2035 4496 2192 4550 alteri
2216 4494 2376 4548 trium
2395 4494 2610 4548 illorum
2628 4493 2869 4548 librorum
