3142 4984
1424 445 1846 540 ..754-

484 610 569 674 ad
649 610 1028 692 principium
1119 613 1380 678 rediens
1476 613 1749 694 primum
1828 617 2068 696 locum,
2145 617 2255 680 ubi
2334 617 2577 682 Romae
2658 633 2799 680 esse

480 715 865 783 collocatum
931 718 1037 784 dei
1101 719 1356 802 signum
1423 739 1528 787 vv.
1589 725 1773 810 5÷8
1833 722 2271 805 indicaverat,
2338 723 2569 788 deinde
2638 728 2799 788 tem-

481 840 632 904 pUS,
713 842 835 904 quo
897 843 979 916 'eo
1039 825 1583 911 transmigravit,
1665 815 1725 895 v.
1786 836 1823 894 6
1912 830 2365 896 adumbratum
2428 831 2803 914 accuratius

485 929 814 1012 significat
873 937 1072 1014 atque
1129 952 1237 1000 vv.
1299 941 1399 1001 59.
1463 942 1544 1002 60
1595 936 1875 1018 pristina
1944 939 2050 1003 dei
2122 937 2295 1021 signi
2352 938 2569 1004 forma
2631 957 2799 1004 com-

485 1043 840 1105 memorata
922 1043 988 1106 in
1064 1041 1216 1106 novi
1293 1041 1463 1125 signi
1540 1043 1815 1110 artificis
1898 1045 2156 1112 laudem
2247 1045 2603 1112 deflectens
2688 1065 2799 1137 ap-

483 1147 733 1213 tissime
808 1153 1017 1215 totum
1093 1169 1352 1216 carmen
1433 1152 1781 1218 concludit.
1903 1151 2023 1220 Vv.
2093 1153 2300 1237 igitur
2370 1159 2453 1220 49
2476 1193 2547 1201 --
2570 1159 2651 1220 63
2726 1161 2803 1220 ut

483 1253 550 1318 in
625 1257 948 1335 prooemio
1015 1275 1132 1324 eae
1198 1263 1572 1324 tractantur
1640 1277 1779 1342 133,
1836 1278 2001 1341 (11133
2055 1279 2439 1343 quamquam
2510 1263 2592 1327 ab
2663 1263 2803 1344 ipso

483 1363 783 1446 consili0,
857 1383 980 1444 quo
1065 1366 1497 1448 conscriptum
1564 1385 1708 1434 esse
1776 1387 2036 1434 carmen
2104 1369 2408 1453 diximus,
2494 1370 2798 1450 quodam-

485 1471 669 1535 modo
741 1477 894 1536 sunt
961 1473 1235 1555 alienae,
1312 1479 1534 1540 tamen
1601 1474 1701 1541 ita
1765 1481 1919 1540 sunt
1988 1461 2421 1558 comparatae]
2492 1459 2799 1564 litargu-

482 1586 770 1647 mentum
839 1582 1064 1664 ipsum,
1140 1585 1309 1663 quod
1374 1584 1442 1648 in
1507 1585 1613 1649 dei
1690 1585 1945 1650 nomine
2016 1585 2408 1667 explicando
2475 1591 2797 1665 versatur,

481 1689 818 1770 aptissime
877 1696 946 1756 et
1020 1697 1418 1774 praeparent
1478 1697 1547 1758 et
1610 1698 1933 1774 perorent.
2066 1695 2285 1773 Atque
2361 1697 2544 1758 certa
2615 1694 2797 1775 haec,

483 1816 674 1877 quam
744 1799 1214 1882 proposuimUS,
1301 1800 1783 1883 compositionis
1840 1801 2011 1866 ratio
2084 1807 2187 1866 est
2253 1820 2368 1883 ea,
2446 1820 2611 1882 quae
2672 1820 2801 1866 om-

485 1906 673 1972 nibus
734 1907 815 1972 iis
860 1909 1088 1990 elegiis
1133 1908 1607 1992 PropertianiS,
1654 1910 1885 1988 quibus
1942 1927 2226 1992 „causas
2246 1915 2277 1947 “
2326 1910 2541 1990 aperit
2584 1915 2798 1992 poeta,

484 2020 588 2080 est
628 2017 888 2097 propria
941 2021 1011 2082 et
1061 2037 1102 2082 a
1157 2016 1340 2082 nobis
1386 2017 1454 2082 in
1497 2013 1866 2083 tractandis
1924 2019 2026 2086 ell.
2075 2017 2155 2100 V,
2197 2021 2242 2082 4
2278 2023 2348 2084 et
2401 2025 2437 2083 6
2494 2019 2632 2102 jam
2694 2023 2797 2082 est

486 2125 858 2206 explanata.
887 2112 926 2231 s
949 2125 1158 2190 Huius
1203 2144 1357 2192 vero
1401 2126 1755 2196 carminum
1812 2126 2068 2192 illorum
2116 2131 2393 2192 naturae
2444 2131 2513 2190 et
2563 2125 2801 2206 indolis

483 2234 932 2299 documentum
966 2233 1536 2316 locupletissimum
1573 2239 1775 2314 atque
1807 2235 2386 2301 luculentissimum
2434 2252 2577 2310 esse
2609 2236 2797 2317 hanc,

486 2341 566 2406 de
611 2353 738 2420 qua
785 2343 1038 2424 agimus
1090 2342 1367 2424 elegiam
1412 2341 1611 2406 facile
1658 2346 1953 2423 apparet.
2022 2341 2189 2408 Nam
2230 2361 2614 2422 quamquam
2657 2361 2799 2423 pro-

489 2449 761 2514 oemium
856 2455 924 2514 et
1009 2449 1335 2532 peroratio
1401 2467 1668 2514 -summa
1743 2453 1889 2514 arte
1955 2453 2108 2515 sunt
2186 2449 2503 2532 dilatata,
2581 2455 2801 2516 tamen

485 2556 776 2623 narratio
797 2608 813 2640 ,
878 2576 1070 2637 quam
1116 2556 1473 2623 huiusmodi
1542 2556 1894 2622 carminum
1950 2575 2093 2623 esse
2144 2561 2366 2638 notam
2414 2550 2802 2639 peculiarem

489 2665 897 2746 exposuimus
913 2716 930 2748 ,
991 2665 1073 2731 iis
1113 2664 1489 2756 'includitur
1529 2665 1763 2730 finibus
1793 2664 2199 2748 arctioribuS,
2248 2665 2479 2745 quibus
2520 2666 2672 2746 quid
2714 2667 2803 2732 sit

486 2775 901 2856 propositum,
948 2773 1101 2853 quid
1146 2774 1659 2844 demonstratum
1700 2773 1943 2838 diserte
1980 2772 2330 2839 indicatur.

691 2884 910 2963 Atque
949 2883 1112 2948 haec
1152 2881 1408 2962 quidem
1448 2880 1772 2947 detotius
1795 2881 2099 2947 carminis
2140 2881 2629 2963 compositione3
2666 2883 2800 2964 jam

489 2991 844 3073 videamus,
906 3009 1056 3056 num
1116 2991 1182 3056 in
1241 2988 1515 3072 singulis
1572 3007 1735 3069 quas
1794 2988 2225 3072 distinximuS,
2281 2990 2577 3071 partibus
2632 2990 2802 3057 ratio

489 3100 805 3181 quaedam
866 3099 1287 3187 componendi
1329 3096 1612 3179 perspici
1655 3097 1878 3180 possit.
1965 3087 2185 3178 Atque
2228 3099 2501 3179 primum
2546 3098 2801 3178 quidem

485 3209 556 3274 in
587 3206 907 3289 prooemio
945 3199 1380 3288 componendo
1407 3209 1655 3298 certam
1681 3205 2003 3285 quandam
2026 3205 2346 3272 rationem
2370 3224 2513 3272 esse
2540 3211 2803 3274 secutus

486 3321 684 3399 poeta
728 3315 885 3380 mihi
929 3315 1206 3381 videtur.
1271 3314 1436 3380 Nam
1484 3333 1628 3379 cum
1672 3332 1778 3381 vv.
1829 3319 1930 3378 1*-
1956 3320 2049 3398 20,
2077 3313 2142 3378 id
2184 3313 2462 3379 maxime
2506 3319 2685 3397 agat,
2728 3321 2803 3380 ut

489 3424 714 3503 falsaS,
773 3443 939 3504 quae
983 3423 1064 3489 de
1107 3422 1452 3489 Vertumni
1493 3421 1749 3488 nomine
1792 3422 2092 3488 ferantur
2148 3421 2485 3503 opiniones
2523 3423 2800 3507 rejiciat,

491 3532 788 3598 distichis
837 3539 867 3597 1
919 3535 986 3596 et
1037 3537 1116 3597 10
1166 3531 1436 3613 omissis,
1499 3548 1766 3609 quorum
1810 3530 2025 3610 priore
2067 3529 2272 3595 totius
2314 3529 2616 3595 carminis
2655 3549 2801 3597 con·
2864 3568 2873 3572 -

491 3642 704 3707 silium
747 3640 1224 3725 pronuntiatur,
1269 3640 1478 3704 altero
1508 3637 1903 3719 prooemium
1940 3637 2144 3718 ipsum
2176 3641 2544 3720 peroratur,
2565 3705 2567 3708 ,
2591 3637 2801 3704 falsae

491 3750 645 3816 illae
688 3750 1018 3830 opiniones
1055 3748 1155 3813 bis
1189 3747 1526 3828 quaternis
1556 3747 1853 3814 versibus
1887 3745 2321 3812 includuntur.
2384 3746 2489 3811 Ad
2525 3745 2801 3827 priorem

494 3859 664 3922 enim
696 3857 971 3923 nominis
997 3855 1496 3936 explicationem
1521 3875 1561 3920 a
1596 3854 1855 3930 flumine
1891 3872 2080 3920 verso
2109 3853 2456 3936 repetitam
2494 3856 2591 3936 ea,
2636 3872 2801 3933 quae

493 3985 596 4034 vv.
637 3971 804 4031 3-8
846 3968 1424 4030 commemorantur
1460 3963 1817 4044 deducunt,
1862 3962 1960 4028 ita
1991 3966 2067 4027 ut
2099 3981 2205 4028 vv.
2244 3966 2455 4026 3—10
2500 3962 2625 4027 hac
2658 3961 2803 4042 ipsa

493 4076 574 4140 de
619 4092 815 4140 causa
856 4073 1104 4140 arctius
1149 4073 1282 4137 sint
1325 4071 1690 4155 conjuncti3
1734 4071 2012 4137 alteram
2049 4074 2267 4136 autem
2304 4069 2803 4150 explicationem

494 4202 600 4250 vv.
650 4189 720 4246 11
769 4189 838 4247 et
881 4187 959 4248 12
1001 4181 1365 4263 porolatam
1404 4180 1471 4245 in
1499 4198 1607 4247 vv.
1640 4165 1888 4245 13÷18
1914 4177 2225 4259 exemplis
2252 4176 2573 4242 illustrari
2596 4181 2801 4258 patet.

493 4290 790 4370 Denique
851 4309 956 4357 vv.
1022 4296 1121 4356 19.
1182 4293 1264 4354 20
1343 4292 1621 4367 utraque
1688 4286 2037 4368 explicatio
2100 4283 2395 4368 rejicitur
2453 4302 2803 4364 veramque

494 4398 821 4480 prolatiim
856 4397 938 4462 iri
977 4397 1322 4478 indicatur,
1367 4396 1466 4462 ita
1508 4401 1585 4460 ut
1628 4397 1749 4461 hoc
1788 4394 2064 4464 disticho
2105 4393 2281 4476 prior
2307 4391 2613 4459 carminis
2646 4413 2801 4476 pars

493 4510 849 4592 peroretur,
899 4507 1113 4572 altera
1155 4510 1569 4586 proponatur.
