3142 4984
1306 485 1730 554 2-452..

368 659 654 739 elisione,
703 658 1004 740 synizesi,
1053 657 1238 724 hiatu
1283 662 1439 724 cett.
1488 657 1657 723 idem
1704 657 1942 722 statuit
1978 653 2423 737 „Propertium
2456 668 2674 731 quam-

365 765 466 835 vis
516 765 588 831 in
639 765 960 847 prioribus
1017 763 1200 830 libris
1243 766 1490 830 nullum
1545 765 1686 831 fere
1738 764 2051 830 metricae
2095 761 2405 828 licentiae
2472 773 2680 842 genus

367 873 488 954 sit,
551 873 657 938 cui
715 892 844 939 non
896 872 1275 954 indulserit,
1334 873 1402 938 in
1462 872 1891 955 posteriorum
1935 872 2243 937 librorum
2287 866 2679 934 carminibus
2806 929 2810 934 .

363 981 675 1064 imprimis
719 979 798 1063 V,
866 987 920 1047 1.
976 987 1033 1047 2.
1081 985 1235 1047 cett.
1277 982 1440 1048 haec
1500 1000 1710 1064 paene
1763 980 1976 1047 omnia
2027 997 2274 1045 summa
2334 975 2680 1059 diligentia

364 1090 710 1173 evitasse,“
757 1109 871 1157 suo
917 1091 1066 1175 jure
1111 1088 1466 1156 contendit.
1551 1089 1778 1170 Neque
1820 1089 2168 1154 abhorrere
2213 1086 2296 1151 ab
2343 1085 2449 1150 ell.
2491 1082 2571 1165 V,
2625 1088 2675 1146 1.

370 1203 427 1264 2.
466 1202 524 1262 4.
571 1204 627 1267 9.
676 1204 755 1263 10
801 1197 1134 1281 elegantia
1178 1197 1452 1263 metrica
1488 1197 1776 1278 reliquas
1814 1195 2003 1262 huius
2039 1193 2190 1259 libri
2233 1193 2481 1275 elegias
2511 1190 2679 1255 idem

367 1305 771 1372 demonstrat
813 1306 856 1370 1.
901 1305 940 1371 l.
986 1325 1090 1387 pp.
1139 1311 1221 1372 88
1257 1324 1346 1386 sq.
1423 1306 1589 1371 Nam
1633 1306 1739 1370 611.
1789 1312 1847 1371 3.
1892 1309 1952 1370 5.
1999 1310 2057 1371 7.
2104 1308 2141 1369 8
2180 1319 2325 1367 cum
2361 1298 2681 1382 prioribus

367 1411 554 1477 libris
614 1413 735 1478 hoc
795 1414 1036 1479 habere
1097 1431 1430 1479 commune
1451 1463 1467 1496 ,
1533 1414 1703 1493 quod
1762 1410 2057 1492 quamvis
2111 1428 2239 1476 non
2295 1427 2539 1490 pauca,
2611 1412 2685 1470 at

371 1526 592 1586 tamen
634 1538 762 1588 non
807 1521 1031 1586 eadem
1074 1521 1288 1587 omnia
1331 1521 1641 1587 licentiae
1684 1520 1996 1586 metricae
2043 1518 2357 1599 exempla,
2402 1532 2569 1597 quae
2615 1515 2681 1578 in

365 1626 499 1692 illis
559 1628 979 1695 inveniantur
1036 1631 1412 1711 praebeant.
1519 1629 1824 1696 Carmina
1881 1632 2101 1694 autem
2163 1633 2201 1692 6
2268 1630 2336 1692 et
2399 1630 2475 1691 ll
2538 1640 2682 1688 cum

365 1736 609 1801 nullam
656 1754 878 1801 earum
921 1737 1331 1804 licentiarum
1373 1739 1739 1819 ostendere,
1784 1755 1951 1817 quae
1996 1740 2261 1802 exstent
2305 1738 2373 1799 et
2410 1733 2477 1798 in
2522 1751 2675 1812 qua-

368 1847 518 1908 tuor
561 1843 662 1909 his
705 1844 855 1909 libri
895 1845 956 1912 V
982 1845 1212 1929 elegiis
1251 1847 1434 1912 modo
1471 1844 1986 1912 commemoratis
2022 1851 2091 1909 et
2123 1843 2190 1908 in
2229 1841 2414 1907 libris
2453 1839 2679 1922 priori-

369 1952 519 2034 buS,
578 1957 716 2018 tum
772 1972 1036 2036 prorsus
1075 1955 1443 2020 consentire
1487 1955 1554 2022 in
1601 1953 1951 2038 elegantiis
1994 1951 2287 2020 metricis
2344 1969 2487 2018 cum
2534 1947 2683 2016 libri

371 2060 646 2126 extremi
686 2061 790 2129 ell.
841 2068 894 2128 1.
937 2068 994 2131 2.
1041 2066 1098 2128 4.
1144 2069 1204 2128 9.
1254 2068 1350 2131 10.
2004 2055 2008 2059 ’

439 2259 584 2330 ΙΙΙ.
631 2257 948 2345 Causae,
998 2278 1042 2330 a
1086 2259 1368 2348 quibus
1413 2219 1881 2347 repetendae
1927 2261 2109 2329 sunt
2146 2254 2625 2344 singulorum

886 2368 1258 2440 librorum
1302 2368 1508 2439 inter
1553 2389 1638 2440 se
1686 2365 2153 2454 discrimina.

569 2495 1154 2563 Abservationibus
1217 2499 1404 2580 modo
1473 2497 1732 2579 allatis,
1798 2495 2098 2577 quoniam
2170 2469 2680 2560 demonstratum

369 2607 504 2684 est,
565 2621 707 2668 cum
759 2604 1186 2685 posteriorum
1241 2605 1550 2671 librorum
1610 2605 1900 2671 carmina
1959 2610 2097 2670 tum
2140 2603 2245 2668 ell.
2299 2608 2353 2668 1.
2402 2607 2463 2668 2.
2512 2605 2573 2666 4.
2622 2604 2681 2664 6.

369 2716 428 2776 9.
482 2716 580 2777 10.
629 2713 798 2791 quod
839 2712 1084 2778 attinet
1128 2714 1212 2780 ad
1252 2713 1527 2780 formam
1571 2713 1910 2780 metricam
1954 2730 2111 2796 prae
2158 2710 2397 2776 ceteris
2446 2706 2681 2790 elegiis
2787 2760 2795 2768 .

371 2835 514 2883 esse
560 2819 936 2886 elaboratas
973 2825 1044 2887 et
1063 2821 1443 2904 perpolitas,
1490 2820 1721 2888 mirum
1765 2839 1924 2888 66116
1965 2839 2107 2887 6666
2132 2819 2412 2895 videtur,
2456 2816 2682 2882 iisdem

369 2925 470 2990 1116
514 2927 908 2994 carminibus
952 2930 1035 2994 ab
1080 2929 1293 2995 altero
1335 2930 1585 2995 formae
1630 2948 1894 3012 genere,
1943 2928 2111 3009 quod
2156 2928 2497 2995 verborum
2538 2943 2681 2990 sen-

369 3035 856 3116 tentiarumque
908 3037 1423 3104 conformatione
1469 3039 1789 3120 cernitur,
1846 3042 1923 3104 ut
1959 3037 2175 3102 minus
2209 3035 2429 3118 politis
2474 3039 2542 3100 et
2588 3034 2683 3098 in-

369 3143 568 3208 cultis
623 3143 884 3210 duriora
939 3147 1260 3226 quaedam
1315 3147 1530 3212 inesse
1599 3165 1641 3212 a
1709 3146 2128 3212 Lachmanno
2151 3195 2167 3227 ,
2230 3143 2683 3226 Hertzbergio,

369 3250 518 3316 aliis
563 3253 885 3321 contendi.
952 3253 1104 3320 Jam
1135 3255 1192 3320 si
1231 3257 1408 3321 locos
1449 3255 1598 3320 illos
1630 3254 1793 3320 satis
1826 3255 2083 3337 multos,
2134 3253 2365 3334 quibus
2409 3251 2679 3318 adnota-

366 3358 468 3424 vit
523 3358 686 3425 illud
729 3360 1110 3428 Lachmann
1167 3362 1276 3448 (V,
1321 3363 1384 3448 Ι,
1431 3369 1486 3430 1.
1534 3369 1595 3448 2,
1653 3367 1752 3428 12.
1783 3367 1877 3447 ,4,
1928 3365 1985 3428 3.
2026 3368 2128 3428 55.
2174 3367 2247 3444 8,
2305 3366 2405 3426 10.
2448 3366 2520 3443 9,
2576 3363 2681 3442 35)

374 3469 444 3532 et
499 3467 681 3542 illum
724 3467 840 3549 IV,
888 3473 998 3553 10,
1057 3476 1135 3537 12
1179 3469 1288 3557 (V,
1340 3476 1440 3554 10,
1490 3477 1632 3554 12),
1684 3489 1807 3553 (1110
1859 3471 2030 3536 idem
2090 3469 2248 3535 fecit
2290 3468 2682 3551 Hertzberg,

246 3620 251 3627 ·
373 3575 632 3640 collatis
695 3575 853 3659 11116,
911 3596 1077 3658 (11166
1132 3579 1334 3644 Lach.
1393 3579 1463 3644 in
1517 3566 1727 3661 praef.
1788 3599 1850 3662 p.
1909 3577 2210 3646 XXVIII
2283 3587 2353 3644 et
2409 3577 2681 3642 Hertzb.

375 3683 451 3765 Q.
502 3689 556 3749 1.
597 3683 722 3752 III.
763 3703 824 3766 p.
870 3691 995 3752 216
1039 3688 1453 3768 protulerunt
1495 3687 2035 3770 perlustraveris,
2089 3679 2383 3753 invenies
2424 3705 2529 3753 vv.
2578 3686 2682 3752 dd.

369 3790 560 3856 huius
603 3792 701 3857 rei
738 3781 1000 3860 causam
1043 3793 1112 3860 in
1155 3813 1230 3860 eo
1255 3814 1398 3861 esse
1433 3795 1713 3877 positam
1754 3813 2040 3879 censere,
2086 3795 2254 3876 quod
2298 3799 2495 3877 poeta
2521 3795 2683 3860 11666

373 3900 681 3982 6611111116,
729 3921 768 3966 6
802 3902 1032 3981 (111111116
1052 3903 1276 3985 primis
1311 3904 1682 3988 juventutis
1702 3904 2098 3987 temporibus
2118 3903 2442 3970 inchoatis
2468 3921 2687 3968 amore

370 4007 696 4090 Cynthiae
753 4010 1222 4076 exardescente
1265 4012 1353 4077 sit
1406 4018 1755 4096 avocatuS,
1798 4013 2187 4095 imperfecta
2232 4005 2430 4093 atque
2452 4013 2683 4078 ultima

370 4119 566 4182 11161111
610 4117 904 4184 carentia
945 4119 1311 4203 reliquerit,
1366 4121 1550 4207 cujus
1610 4121 1982 4188 sententiae
2035 4120 2419 4203 principium
2479 4125 2679 4204 atque

371 4223 864 4291 fundamentum
908 4231 1010 4293 est
1045 4228 1260 4294 altera
1298 4231 1380 4296 el.
1408 4236 1464 4297 1.
1484 4249 1639 4313 pars
1683 4229 1793 4318 (V,
1846 4234 1903 4313 1,
1950 4231 2295 4317 71-150).
2362 4229 2681 4296 Versuum

370 4331 540 4398 enim
592 4331 671 4416 V,
728 4339 796 4418 1,
848 4339 1144 4402 71-150
1195 4343 1651 4420 argumentum
1714 4343 1817 4405 est
1872 4339 2026 4406 hoc:
2067 4339 2423 4419 Postquam
2485 4341 2683 4420 poeta

368 4439 677 4507 extremis
718 4442 929 4524 partis
971 4442 1204 4526 prioris
1245 4445 1572 4513 versibus:
1634 4466 1823 4514 sacra
1867 4453 1935 4514 et
1990 4447 2131 4514 dies
2187 4452 2256 4514 et
2299 4447 2681 4530 cognomina

370 4549 587 4642 prisca
639 4551 923 4620 locorum
983 4571 1053 4620 66
1110 4572 1253 4621 6666
1294 4558 1733 4623 tractaturum
1776 4557 2107 4642 promisit,
2156 4557 2369 4625 subito
2431 4558 2582 4625 inde
2640 4580 2683 4628 a
