3142 4984
1242 406 1640 466 -17-

688 573 891 643 Quippe
928 574 1022 628 ubi
1056 578 1169 630 cett
1206 616 1221 631 .
1258 616 1269 628 .
1313 616 1325 628 .
1367 616 1377 627 .

692 658 813 712 Non
850 661 973 729 eget
1008 659 1095 715 hic
1130 660 1365 727 medicis,
1400 677 1504 714 non
1539 660 1698 714 lectis
1731 659 1983 714 mollibus
2020 676 2176 730 aeger

896 746 1037 802 Huic
1071 747 1279 800 nullum
1316 747 1451 801 caeli
1485 749 1697 816 tempus
1733 747 1790 800 et
1821 761 1950 800 aura
1983 749 2167 800 nocet:

689 831 963 897 Ambulat,
999 836 1055 887 et
1090 832 1271 886 subito
1305 832 1567 887 mirantur
1602 832 1762 886 funus
1801 832 1987 887 amici:

905 919 992 972 Sic
1023 922 1107 973 est
1132 920 1425 984 incautum,
1462 917 1724 988 quidquid
1742 917 1968 972 habetur
1991 923 2188 974 amor.“

285 1008 359 1069 ut
406 1004 733 1088 Cynthiae
776 1007 1113 1089 perfidiam
1153 1012 1402 1074 certam
1462 1007 1586 1074 sibi
1627 1026 1770 1073 esse
1816 1012 2090 1074 mortem
2148 1007 2327 1073 dicat
2368 1007 2457 1090 ΙΙ,
2505 1007 2600 1084 Sb,

291 1118 367 1178 17
428 1125 497 1179 et
574 1121 646 1199 18
706 1119 905 1196 atque
966 1122 1281 1199 25—28,
1343 1134 1615 1196 quocum
1659 1116 1962 1182 conferas
2005 1115 2120 1198 IV,
2186 1121 2328 1197 16,9
2370 1119 2438 1180 et
2485 1121 2598 1195 103

286 1224 359 1286 ut
408 1223 685 1304 denique
746 1224 814 1288 in
862 1225 941 1289 el.
985 1218 1109 1306 III,
1175 1230 1232 1306 9,
1288 1243 1432 1290 cum
1472 1223 1760 1306 Cynthia
1813 1223 1952 1305 ipso
2017 1225 2263 1308 rejecto
2321 1224 2602 1290 alterum

287 1331 603 1409 quendam
670 1331 757 1397 sit
814 1336 1043 1398 secuta
1100 1333 1421 1414 postulet,
1452 1336 1553 1398 ·ut
1593 1332 1865 1397 Amores
1910 1331 2053 1397 vita
2090 1331 2299 1412 ipsum
2342 1330 2605 1412 privent

279 1440 429 1521 (vv.
486 1444 565 1504 35
592 1479 648 1486 -
684 1443 793 1522 40)
850 1443 968 1505 aut
1036 1439 1159 1506 sibi
1218 1459 1433 1507 coram
1494 1440 1716 1521 puella
1784 1443 2007 1506 amata
2069 1436 2391 1522 pugnanti
2442 1438 2605 1504 mori

286 1544 487 1612 liceat
525 1549 653 1629 (vv.
700 1553 778 1613 51
826 1551 895 1612 et
932 1547 1059 1634 52).
1086 1548 1103 1596 '-

492 1653 615 1719 His
672 1658 891 1720 autem
943 1655 1271 1737 versibuS,
1354 1654 1584 1735 quibus
1633 1653 1748 1720 alii
1817 1651 2128 1719 simillimi
2185 1651 2383 1718 facile
2451 1653 2604 1726 addi
2678 1710 2682 1715 .
2738 1723 2747 1734 ,

288 1766 585 1844 possunt,
654 1781 795 1828 cum
829 1763 1243 1844 profiteatur
1303 1768 1501 1844 poeta
1569 1761 1894 1844 Cynthiae
1923 1759 2284 1842 ‘perfidiam
2343 1759 2499 1837 vita,
2534 1779 2604 1826 se

290 1887 598 1950 superare
642 1890 767 1937 non
793 1889 1004 1953 posse,
1048 1875 1238 1952 patet
1273 1871 1395 1937 hoc
1429 1890 1689 1936 carmen
1723 1889 1851 1936 non
1897 1869 2120 1950 solum,
2167 1869 2334 1948 quod
2356 1869 2606 1950 placuit

289 1976 723 2061 Hertzbergio
770 1980 1024 2065 (transl.
1058 1981 1289 2066 germ.)
1333 1997 1475 2046 esse
1513 1977 2036 2060 descriptionem,
2063 1978 2385 2057 quandam
2425 1978 2606 2044 vitae

292 2085 713 2169 condicioniS,
762 2106 889 2167 qua
932 2107 1153 2154 omnes
1196 2107 1449 2170 semper
1509 2093 1783 2154 utantur
1844 2090 2174 2168 amanteS,
2232 2088 2607 2169 ceteroquin

296 2193 523 2260 tritam
568 2195 950 2277 saepiusque
973 2215 1015 2261 a
1035 2197 1245 2278 po-'etis
1268 2197 1606 2263 amatoriis
1647 2200 2044 2278 usurpatam,
2099 2193 2214 2259 sed
2246 2179 2608 2276 profectum

293 2323 435 2371 esse
480 2304 641 2370 illud
687 2323 768 2369 ex
811 2307 1073 2387 propria
1118 2305 1473 2386 intimaque
1509 2311 1746 2388 poetae
1791 2303 1991 2370 animi
2019 2302 2369 2386 sententia,
2415 2324 2604 2385 quam

294 2431 437 2478 eum
484 2413 564 2476 de
604 2412 842 2478 amoris
885 2414 985 2478 sui
1026 2414 1401 2480 condicione
1430 2419 1810 2495 'concepisse
1838 2416 1942 2478 tot
1978 2414 2314 2476 testantur
2336 2413 2604 2495 elegiae.

493 2519 540 2584 J
541 2539 645 2586 am
691 2525 968 2601 quatuor
1009 2540 1174 2602 quae
1218 2526 1479 2588 restant
1512 2521 1870 2604 elegiarum
1912 2537 2055 2584 cum
2100 2517 2169 2581 in
2214 2522 2249 2581 3
2298 2537 2392 2601 e0,
2441 2522 2610 2600 quod

293 2627 625 2709 descripta
667 2630 923 2694 Amoris
965 2629 1070 2695 dei
1114 2630 1337 2712 effigie
1382 2630 1649 2712 sagittis
1693 2634 1762 2694 et
1805 2627 1930 2694 alis
1971 2625 2311 2708 instructi,
2359 2647 2609 2710 pennas

291 2734 473 2800 illum
533 2736 893 2816 perdidisse
964 2738 1087 2803 sibi
1144 2739 1354 2805 videri
1408 2739 1569 2805 dicit
1590 2791 1605 2821 ,
1682 2743 1982 2820 quoniam
2035 2746 2116 2812 de
2178 2747 2443 2826 pectore
2497 2759 2610 2807 suo

295 2861 640 2922 numquam
686 2844 904 2910 evolet
948 2845 1333 2925 assidueque
1368 2846 1436 2912 in
1481 2866 1596 2914 suo
1643 2851 1959 2932 sanguine
2004 2853 2178 2918 bella
2221 2854 2442 2934 gerat,
2499 2849 2610 2913 ad·-

297 2948 553 3013 modum
589 2950 829 3019 festive
874 2970 1184 3018 summam
1228 2971 1385 3036 erga
1408 2954 1760 3037 Cynthiam
1781 2976 2062 3040 amorem
2107 2958 2456 3038 describat,
2503 2956 2612 3021 ell.

305 3062 402 3122 15.
455 3062 552 3123 16.
616 3063 699 3123 17
753 3058 1089 3141 docemur,
1149 3062 1314 3140 quod
1368 3067 1568 3129 antea
1626 3064 1707 3130 de
1769 3047 2096 3133 aiiioribus
2149 3067 2283 3133 suis
2334 3083 2608 3146 pronun-

295 3164 586 3232 tiaverat
628 3166 745 3254 (II,
798 3172 961 3250 l,4'7,
1008 3169 1153 3255 48):

707 3297 886 3361 „Laus
921 3297 977 3350 in
1018 3314 1195 3352 amore
1229 3298 1379 3363 mori,
1416 3298 1535 3352 laus
1572 3299 1758 3356 altera.
1799 3302 1846 3356 si
1878 3301 2035 3356 datur
2071 3319 2176 3358 uno

919 3386 1083 3441 Posse
1116 3386 1247 3441 frui:
1283 3387 1428 3441 fruar
1464 3405 1495 3441 o
1530 3389 1678 3443 solus
1711 3406 1884 3446 amore
1919 3395 2095 3447 meo!“

298 3499 493 3579 plane
533 3497 601 3562 in
645 3499 1042 3566 contrarium
1086 3518 1228 3566 esse
1268 3505 1590 3568 mutatum
1630 3503 1781 3588 (ΙΙΙ,
1825 3510 1923 3587 15,
1970 3511 2050 3571 35
2091 3510 2242 3589 sp.):

707 3629 952 3697 ,‚Aspice‚
974 3630 1060 3684 uti
1092 3631 1240 3685 coelo
1275 3630 1431 3685 modo
1459 3632 1543 3685 sol
1576 3632 1896 3688 medo-luna
1913 3635 2202 3700 ministrat,

918 3721 1005 3775 Sic
1041 3722 1209 3774 etiam
1240 3721 1393 3775 nobis
1427 3739 1534 3776 una
1568 3723 1748 3792 puella
1781 3740 1966 3792 parum
2003 3728 2136 3780 est.“

301 3829 381 3894 In
440 3830 520 3895 el.
567 3831 737 3896 enim
805 3838 881 3898 15
938 3836 1134 3914 poeta
1192 3831 1668 3916 Demophoonti
1716 3837 1969 3902 cuidam
2036 3837 2385 3903 confitetur
2433 3833 2616 3900 novis

306 3937 593 4016 quotidie
638 3936 962 4004 amoribus
1020 3957 1090 4005 se
1148 3958 1291 4005 esse
1346 3941 1632 4008 deditum
1691 3950 1762 4009 et
1821 3950 2092 4012 excusat
2141 3946 2310 4011 hanc
2369 3940 2621 4010 consilii

304 4045 406 4112 sui
450 4045 875 4112 mutationem
918 4047 1018 4113 his
1057 4047 1275 4115 verbis
1317 4049 1451 4134 (vv.
1504 4057 1581 4116 17
1630 4054 1778 4138 sq.):¹

714 4171 1043 4241 „Unicuique
1082 4172 1230 4228 dedit
1266 4174 1460 4228 vitium
1494 4179 1689 4230 natura
1726 4181 1927 4232 creato:

922 4264 1000 4318 Mi
1034 4264 1249 4319 fortuna
1287 4265 1493 4335 aliquid
1534 4283 1739 4337 semper
1773 4284 1959 4323 amare.
1984 4267 2132 4322 dedit
2146 4271 2194 4332 ;“

330 4393 375 4440 n
438 4375 519 4441 el.
572 4380 793 4442 autem
869 4383 947 4442 16
1007 4379 1177 4444 hanc
1234 4378 1439 4460 ipsam
1490 4378 1755 4444 amandi
1808 4378 2126 4444 rationem
2183 4377 2522 4460 prohibere
2581 4398 2622 4444 a

310 4482 629 4550 desiderio
674 4484 785 4550 illo
808 4535 824 4567 ,
881 4485 1048 4565 quod
1086 4485 1387 4552 ‘fidelider
1428 4491 1756 4552 amantem
1808 4486 2004 4567 plane
2047 4486 2378 4570 conficiat,
2425 4485 2618 4565 dicit3
