3142 4984
1292 455 1720 518 ...49-

340 642 486 712 esse⁸
525 627 854 704 statuere3
899 627 1100 703 atque
1141 625 1330 690 hanc·
1356 623 1755 690 sententiam
1780 639 1856 688 eo
1880 622 2221 688 admodum
2269 622 2655 703 confirmari,

339 713 507 812 quod
551 731 928 813 Propertius
972 731 1040 796 in
1106 732 1209 801 ell.
1273 731 1344 796 II
1364 781 1380 813 ,
1446 739 1498 800 1.
1555 731 1672 813 IV,
1738 737 1797 796 2.
1837 730 1959 812 IV,
2015 737 2100 812 8.,
2158 748 2321 810 quas
2378 730 2655 798 diversis

336 840 736 922 temporibus
790 839 1071 922 scriptas
1131 857 1273 906 esse
1323 839 1667 906 admodum
1710 838 1798 904 sit
1841 836 2204 920 probabile,
2264 841 2333 903 et
2387 857 2657 918 quarum

338 967 470 1012 una
512 946 621 1013 vel
661 947 876 1013 altera
925 947 1124 1013 facile
1163 947 1412 1012 ultimis
1470 945 1708 1012 amoris
1748 945 2141 1027 temporibus
2195 946 2459 1012 condita
2516 965 2660 1014 esse

338 1053 573 1136 possit,
633 1072 704 1118 se
750 1055 968 1134 qualia
1030 1055 1100 1120 in
1155 1055 1287 1134 illis
1346 1053 1498 1120 libri
1564 1053 1621 1117 V
1683 1052 1913 1136 elegiis
1965 1052 2345 1130 invenimuS,
2414 1072 2651 1120 canere

338 1180 527 1244 posse
574 1165 798 1244 neget.

546 1269 736 1335 Hanc
807 1269 1282 1353 Eschenburgii
1375 1268 1774 1336 sententiam
1841 1267 2257 1352 Luetjohann
2334 1269 2377 1334 1.
2454 1269 2497 1335 1.
2552 1288 2659 1351 pp.

342 1383 422 1442 85
440 1415 520 1428 -
545 1383 628 1442 88
653 1377 900 1443 duobus
943 1377 1350 1460 argumentis
1375 1381 1444 1442 et
1465 1377 1848 1443 confirmare
1894 1380 1963 1442 et
2000 1377 2373 1442 accuratius
2393 1376 2659 1443 definire

339 1484 466 1549 sibi
483 1484 747 1576 videtur
783 1485 898 1550 ille
934 1485 1210 1568 quidem,
1259 1486 1373 1551 sed
1411 1485 1724 1566 quomodo
1752 1484 2251 1567 confirmaverit,
2295 1485 2661 1567 perspicere

339 1610 467 1658 non
509 1609 789 1674 possum.
877 1592 1046 1657 Nam
1097 1593 1336 1675 primo,
1399 1593 1568 1672 quod
1610 1591 1809 1658 affert
1864 1595 2285 1674 argumento:
2364 1641 2401 1674 „
2422 1591 2657 1674 omnia,
2768 1673 2773 1678 ,

341 1717 507 1780 quae
550 1701 862 1766 habemus
906 1700 1225 1782 carmina,
1289 1718 1457 1780 quae
1508 1704 1659 1781 post
1702 1717 1987 1765 amorem
2043 1698 2085 1763 i.
2129 1716 2183 1766 e.
2228 1703 2377 1780 post
2427 1718 2486 1763 a.
2536 1705 2659 1777 732

347 1807 596 1889 scripta
656 1826 798 1874 esse
849 1808 988 1892 jam
1023 1811 1339 1889 constet,
1400 1808 1690 1874 frustula
1744 1811 2000 1873 tantum
2062 1824 2206 1872 esse
2278 1806 2491 1888 operis
2548 1806 2662 1873 im-

341 1914 666 1997 perfecti“
709 1914 806 1981 ita
831 1918 1091 1980 tantum
1115 1915 1296 1981 illam
1319 1914 1568 1998 definit,
1616 1920 1692 1980 ut
1731 1916 1925 1996 paulo
1949 1919 2105 1980 ante
2129 1918 2366 1994 poetae
2390 1918 2660 1980 mortem

343 2041 487 2089 esse
529 2021 901 2104 conscripta
943 2022 1062 2088 illa
1098 2028 1426 2104 putemus‚·
1485 2024 1769 2090 alterum
1815 2041 1967 2090 vero
2006 2027 2487 2105 argumentum,
2536 2042 2660 2103 quo

339 2130 513 2197 idem
559 2149 635 2196 eo
675 2131 1092 2213 comprobare
1126 2132 1293 2214 vult,
1336 2132 1505 2212 quod
1551 2131 1658 2197 ell.
1702 2130 1826 2213 III,
1858 2139 1889 2196 1
1926 2136 1996 2196 et
2015 2129 2097 2213 V,
2130 2137 2205 2196 6⁸·
2247 2169 2331 2180 -
2375 2130 2659 2197 carmine

341 2239 458 2305 illo
505 2258 585 2305 ex
631 2238 712 2304 el.
757 2238 837 2321 V,
901 2246 939 2303 6
977 2239 1278 2322 integrae
1318 2257 1426 2307 vv.
1488 2244 1722 2305 1—11
1784 2245 1856 2306 et
1914 2247 2191 2310 69-86
2232 2239 2531 2305 confecto
2575 2280 2659 2291 —

341 2348 517 2413 inter
559 2366 616 2412 a.
660 2351 782 2414 732
839 2350 1186 2412 exeuntem
1227 2351 1296 2413 et
1339 2367 1400 2415 a.
1448 2353 1572 2414 '738
1619 2351 1967 2414 exeuntem
2009 2345 2093 2422 n.
2116 2347 2309 2413 bellis
2352 2349 2663 2414 canendis

341 2455 544 2522 fuisse
589 2459 972 2536 occupatum
1023 2459 1286 2536 poetam
1346 2455 1565 2521 doceri
1609 2455 1799 2538 dicit,
1856 2473 2071 2521 meras
2110 2472 2253 2521 esse
2308 2472 2537 2538 mugas
2578 2473 2659 2520 ex

344 2563 457 2646 eiS,
504 2563 736 2644 quibus
776 2563 844 2628 111
886 2564 968 2629 81.
989 2563 1070 2646 V,
1117 2570 1156 2629 6
1201 2565 1556 2631 tractanda
1598 2565 1762 2630 haec
1783 2563 2263 2647 Luetjohannis
2294 2567 2659 2629 commenta

340 2671 650 2753 refutavi,
694 2671 858 2737 satis
904 2672 1138 2738 elucet.

545 2779 591 2846 J
592 2799 697 2846 am
753 2780 1160 2864 argumentis
1207 2778 1339 2846 illis
1394 2780 1479 2846 ab
1537 2778 2033 2861 Eschenburgio
2091 2778 2366 2859 prolatis
2421 2778 2658 2844 addam

339 2905 510 2954 nova
553 2906 636 2952 ex
677 2887 758 2954 iis
803 2889 1174 2969 desumpta,
1234 2905 1402 2967 quae
1455 2887 1536 2952 de
1584 2885 1860 2952 extremi
1912 2891 1982 2951 et
2021 2885 2305 2966 priorum
2347 2885 2658 2952 librorum

340 2995 734 3061 carminibus
778 2995 1131 3077 disputavi.
1219 2996 1443 3076 Atque
1495 2996 1770 3077 primum
1814 2997 2269 3076 argumentum
2312 3012 2533 3076 promo
2580 3013 2660 3060 ex

243 3142 251 3148 -
339 3101 420 3166 el.
469 3101 590 3183 III,
643 3107 675 3166 l
721 3119 829 3170 vv.
877 3109 957 3168 25
1005 3106 1234 3184 81261

653 3227 938 3297 „Nondum
977 3231 1172 3285 etenim
1210 3231 1468 3285 Ascraeos
1502 3232 1701 3282 norunt
1733 3244 1852 3282 mea
1892 3229 2126 3282 carmina
2158 3228 2351 3294 fonteS,

794 3319 898 3404 Sed
935 3320 1092 3374 modo
1133 3321 1396 3404 Permessi
1428 3320 1645 3373 flumine
1682 3317 1820 3373 lavit
1852 3319 2064 3372 Amor.“

340 3430 659 3512 „Ascraei
715 3430 978 3498 fontes“
1039 3450 1184 3497 cum
1225 3432 1275 3498 ii
1314 3432 1448 3500 sint
1464 3481 1482 3515 ,
1535 3450 1572 3497 e
1619 3430 1849 3510 quibus
1886 3429 2211 3498 Hesiodus
2264 3431 2485 3498 hausit
2541 3433 2655 3520 (cf.

338 3537 460 3621 III,
518 3546 622 3621 32,
688 3540 825 3626 77),
888 3539 1268 3621 Propertius
1322 3541 1443 3607 hoc
1501 3539 1817 3621 carmine,
1864 3556 2001 3618 quo
2052 3557 2161 3604 res
2215 3539 2299 3604 ab
2357 3542 2657 3624 Augusto

338 3650 566 3729 gestas
593 3664 664 3714 se
697 3664 840 3712 esse
877 3648 1358 3715 celebraturum
1390 3645 1735 3729 promittit,
1783 3646 1867 3712 ad
1891 3646 2052 3712 illud
2096 3665 2239 3712 sese
2273 3655 2658 3716 convertere

339 3753 520 3836 dicit,
568 3754 740 3834 quod
763 3773 1108 3836 numquam
1142 3760 1343 3822 antea
1375 3756 1464 3821 sit
1482 3773 1699 3837 ausuS,
1744 3755 2044 3836 quoniam
2068 3757 2350 3822 nondum
2373 3758 2659 3824 carmine

339 3861 684 3946 magnifico
727 3880 930 3943 eoque
949 3863 1132 3945 epico
1170 3863 1352 3930 facta
1394 3863 1727 3946 cecinerit,
1772 3864 1886 3929 sed
1927 3863 2102 3929 solus
2123 3865 2324 3931 Amor
2367 3867 2656 3934 carmina

337 3969 547 4052 ipsum
600 3969 913 4036 docuerit.
1017 3970 1164 4036 Hac
1235 3971 1379 4052 ipsa
1449 3975 1672 4058 autem
1733 3972 1813 4037 de
1891 3983 2091 4038 causa
2141 3973 2469 4057 versibuS,
2547 3977 2657 4057 qui

338 4078 776 4160 antecedunt,
847 4084 924 4144 21
949 4115 1029 4129 -
1049 4083 1165 4145 24:
1254 4078 1391 4162 „Ut
1457 4084 1658 4160 caput
1728 4078 1794 4144 in
1862 4079 2119 4163 magnis
2182 4081 2293 4147 ubi
2364 4102 2493 4149 non
2554 4091 2657 4151 est

340 4189 619 4268 tangere
661 4185 910 4269 signis“
953 4189 1110 4252 cett.
1153 4186 1367 4253 laudis
1408 4205 1566 4252 suae
1606 4186 1949 4254 levitatem
1994 4194 2267 4258 excusat
2305 4189 2439 4257 ille.
2504 4192 2655 4259 Jam

307 4293 497 4362 .ver‘o
556 4312 700 4360 cum
757 4312 955 4376 supra
1012 4293 1699 4378 demonstraverimuS,
1759 4313 1815 4362 c.
1858 4296 1965 4361 ΠΙ
1980 4346 1996 4379 ,
2062 4305 2093 4362 1
2141 4298 2472 4364 conditum
2515 4319 2655 4368 esse

339 4400 653 4466 abdicata
711 4399 1000 4484 Cynthia
1054 4400 1096 4467 i.
1140 4419 1195 4468 e.
1241 4422 1304 4470 a.
1353 4408 1511 4485 732,
1572 4402 1683 4470 ell.
1748 4411 1802 4470 1.
1851 4411 1909 4469 2.
1946 4409 2008 4471 4.
2038 4407 2109 4471 ’6.
2151 4411 2210 4472 9.
2262 4412 2374 4488 10,
2421 4407 2655 4489 quippe

339 4508 407 4574 in
456 4507 688 4590 quibus
711 4507 898 4589 epica
938 4513 1190 4577 tractet
1232 4515 1429 4592 poeta
1469 4515 1861 4594 argumenta
1896 4511 2103 4578 modis
2143 4513 2523 4597 elegiarum·
2542 4517 2654 4582 ad-
