3142 4984
1492 775 1856 881 ἪΤΑ.

724 1124 936 1189 Natus
980 1141 1139 1206 sum,
1185 1125 1485 1190 Robert
1534 1123 1859 1210 Scharf,
1909 1127 2378 1212 Muehlbergae
2421 1128 2719 1210 oppidulo
2761 1129 2828 1194 in

520 1231 804 1298 Saxonia
862 1231 1284 1298 Borussorum
1338 1233 1675 1313 provincia
1732 1235 1817 1301 ad
1869 1236 2088 1301 Albim
2143 1235 2409 1302 fluvium
2465 1235 2591 1301 sito
2645 1256 2705 1302 a.
2765 1237 2826 1302 d.

520 1341 653 1404 XII
687 1340 822 1407 Cal.
860 1337 1011 1406 Mai.
1033 1339 1485 1406 MDCCCLVI
1508 1346 1700 1422 patre
1733 1343 1894 1408 Fra
1913 1345 2136 1410 nziso
2176 1343 2573 1426 Roberto,
2619 1347 2826 1409 matre

518 1449 835 1514 Amalia
880 1467 915 1514 e
959 1452 1159 1531 gente
1203 1449 1887 1534 Blaettermann,
1929 1470 2088 1532 quos
2123 1452 2336 1518 adhuc
2377 1452 2445 1518 in
2478 1451 2648 1519 vivis
2687 1471 2828 1517 esse

516 1557 710 1624 valde
754 1556 1024 1638 gaudeo.
1086 1555 1318 1621 Fidem
1362 1557 1676 1623 confiteor
1705 1559 2171 1640 evangelicam.
2226 1559 2462 1624 Primis
2490 1559 2827 1625 literarum

518 1663 858 1730 elementis
901 1663 1072 1730 domi
1114 1663 1399 1730 imbutus
1440 1668 1783 1745 postquam
1815 1665 2225 1749 gymnasium
2262 1667 2678 1748 Torgovense
2712 1683 2828 1747 per

518 1771 859 1852 quinquies
900 1790 1015 1837 sex
1058 1789 1315 1836 menses
1337 1771 1487 1838 inde
1520 1791 1561 1838 a
1607 1773 1846 1852 quinta,
1871 1793 2074 1854 usque
2114 1775 2199 1840 ad
2234 1775 2505 1840 tertiam
2531 1775 2826 1855 frequen-

516 1881 662 1948 tavi
706 1881 1011 1962 classem,
1072 1899 1215 1946 cum
1269 1897 1516 1945 summa
1564 1865 1992 1963 magistratus
2034 1881 2592 1965 Muehlbergensis
2633 1882 2824 1948 bene-

514 1989 804 2054 volentia
860 1988 1035 2053 inter
1091 2005 1199 2052 eos
1258 1987 1519 2053 scholae
1591 1989 1928 2056 Portensis
1989 1991 2312 2074 alumnoS‚
2392 1990 2502 2070 qui
2566 1990 2821 2072 publice

512 2097 798 2180 aluntur,
846 2096 1024 2162 locus
1064 2095 1221 2162 mihi
1264 2100 1439 2162 esset
1482 2096 1877 2180 assignatus,
1924 2097 2075 2164 inde
2121 2099 2204 2164 ab
2233 2115 2404 2164 anno
2446 2100 2505 2164 h.
2549 2117 2601 2167 s,
2629 2098 2822 2164 LXX

406 2181 419 2199 ⁴
514 2221 719 2283 usque
760 2203 844 2269 ad
890 2202 1180 2268 LXXVI
1220 2221 1441 2272 omnes
1468 2203 1658 2270 huius
1689 2206 1949 2271 scholae
1991 2205 2250 2272 ordines
2271 2207 2580 2288 percurri.
2651 2207 2825 2274 Vere

514 2311 670 2379 anni
737 2311 1027 2378 LXXVI
1097 2312 1500 2379 maturitatis
1569 2313 2011 2379 testimonium
2078 2316 2354 2398 adeptus
2418 2317 2826 2401 philologieis

516 2419 749 2486 studiis
787 2439 889 2486 me
926 2421 1197 2486 daturus
1236 2420 1610 2487 academiae
1653 2421 1961 2489 Halensis
2005 2423 2254 2491 civibus
2307 2425 2630 2506 ascriptus
2688 2443 2828 2492 sum

518 2530 733 2596 fasces
789 2532 1062 2595 tenente
1116 2529 1258 2594 viro
1312 2523 1682 2596 doctissimo
1725 2531 1940 2608 Keil.
2029 2531 2220 2598 Halis
2261 2538 2481 2599 autem
2527 2551 2645 2614 per
2685 2529 2846 2614 sep-'

513 2640 647 2702 tem
690 2635 1031 2702 semestria
1076 2635 1143 2701 in
1174 2635 1565 2718 philologiae
1607 2642 1676 2702 et
1700 2637 2144 2720 philosophiae
2185 2639 2404 2706 studia
2434 2639 2532 2706 ita
2561 2641 2824 2706 incubui

511 2749 587 2811 ut
646 2744 937 2811 audirem
995 2745 1170 2810 viros
1216 2744 1318 2809 ill:
1380 2743 2032 2829 Dittenberger,
2096 2746 2558 2838 Droyssen,
2619 2747 2825 2813 Erd-

513 2871 777 2934 mann,
858 2851 1145 2934 Haym,
1226 2850 1537 2934 Hiller,
1630 2853 1858 2936 Keil,
1938 2854 2360 2937 Koestlin,
2451 2855 2823 2934 Kramer,

512 2958 821 3049 Krohn,
864 2960 1098 3043 Pott,
1146 2959 1539 3042 Suchier,
1592 2961 1890 3044 Ulrici,
1931 2963 2258 3054 Zacherb
2293 2963 2379 3028 II.
2468 2962 2826 3030 Seminario

512 3069 953 3152 paedagogico
994 3086 1112 3150 per
1152 3086 1378 3150 unum,
1434 3069 1898 3149 proseminario
1940 3071 2332 3154 philologico
2387 3091 2504 3154 per
2557 3072 2682 3138 duo
2726 3090 2822 3138 se-

514 3177 780 3244 mestria
822 3177 1127 3258 interfui3
1187 3180 1537 3258 praeterea
1570 3177 1926 3244 'seminarii
1965 3179 2338 3263 philologici
2381 3179 2582 3264 regii,
2641 3179 2820 3264 cujus

512 3285 1015 3352 exercitationes
1047 3286 1553 3351 moderabantur
1589 3285 1990 3368 professores
2019 3287 2219 3354 doctt.
2252 3287 2473 3370 Keil,
2520 3287 2815 3368 Hiller,

508 3394 1152 3476 Dittenberger,
1225 3411 1342 3474 per
1399 3393 1524 3458 duo
1597 3396 1939 3461 semestria
1995 3395 2090 3461 fui
2146 3396 2387 3462 sodalis
2439 3394 2818 3462 ordinarius,

512 3503 823 3568 Omnibus
864 3519 1021 3582 quos
1063 3501 1393 3568 nominavi
1438 3501 1600 3569 viris
1647 3503 1887 3585 optime
1929 3503 2009 3568 de
2053 3521 2156 3568 me
2194 3503 2464 3586 meritis,
2509 3501 2821 3584 imprimis

510 3612 575 3676 H
592 3611 872 3677 enrico
920 3610 1145 3692 Keil,
1184 3609 1323 3678 viro
1362 3610 1822 3695 illustrissimo,
1870 3610 1981 3692 qui
2003 3629 2162 3692 prae
2197 3611 2438 3678 ceteris
2463 3610 2821 3677 studiorum

510 3737 795 3786 meorum
852 3719 979 3785 fuit
1024 3720 1393 3786 moderator
1436 3723 1635 3800 atque
1679 3719 1938 3786 adiutor
1954 3769 1970 3802 ‚
2036 3720 2158 3785 hoc
2213 3720 2352 3786 loco
2395 3718 2650 3802 gratias
2695 3735 2818 3801 ago

509 3847 698 3909 quam
740 3827 1071 3894 maximas.
