3142 4984
1224 477 1649 538 —29.··..

285 646 507 726 puella
561 645 931 726 adumbret,
992 645 1073 710 el.
1120 651 1155 708 5
1202 643 1289 708 ad
1334 642 1682 724 Cynthiam
1741 639 2107 706 necessario
2163 638 2419 718 quidem
2462 655 2591 702 non

282 770 427 818 esse
472 751 913 834 referendam,
960 751 1044 816 ad
1088 768 1277 832 posse
1320 753 1542 815 tamen
1586 747 1819 814 referri
1863 747 2209 814 existimat.

490 860 633 943 Ego
665 859 921 940 quidem
966 863 1040 924 ut
1080 860 1249 924 hanc
1270 875 1520 938 quoque
1546 857 1824 940 elegiam
1871 856 1955 922 ad
1989 852 2312 938 Cynthiae
2341 869 2592 916 amores

286 967 597 1035 referrem
667 987 811 1034 cum
878 967 1026 1032 aliis
1078 968 1303 1048 rebus,
1370 970 1506 1031 tum
1542 966 1629 1031 iis
1685 984 1826 1031 sum
1871 965 2222 1044 adductUS,
2290 979 2455 1041 quae
2509 960 2589 1025 de

279 1076 563 1160 priorum
607 1077 913 1141 librorum
957 1074 1349 1140 carminibus
1392 1093 1588 1156 supra
1633 1073 1994 1147 observavi.
2084 1071 2251 1136 Nam
2297 1087 2440 1135 cum
2486 1068 2586 1150 iis,

278 1203 447 1266 quae
494 1185 573 1250 de
611 1185 917 1249 librorum
967 1183 1223 1248 illorum
1280 1183 1536 1266 elegiiS,
1581 1182 1891 1265 imprimis
1933 1181 2049 1263 1v,
2115 1186 2217 1246 12.
2289 1184 2388 1244 13.
2443 1175 2592 1242 aliis

282 1293 641 1374 disputavi,
704 1294 825 1358 hoc
866 1291 1022 1356 mihi
1068 1290 1341 1357 evicisse
1386 1290 1645 1373 videar,
1705 1290 1982 1357 omnium
2025 1287 2595 1370 Propertianorum

282 1401 667 1482 carminum,
754 1418 1017 1482 quorum
1093 1405 1479 1480 argumenta
1560 1417 1940 1479 quacunque
2011 1396 2264 1462 ratione
2332 1395 2416 1459 ad
2485 1411 2590 1458 res

276 1513 580 1591 spectant
636 1508 1021 1589 amatoriaS,
1098 1506 1411 1589 originem
1485 1507 1908 1588 repetendam
1970 1523 2112 1570 esse
2168 1523 2208 1569 a
2264 1501 2589 1585 Cynthiae

275 1637 511 1700 amore,
554 1637 697 1683 cum
740 1617 1101 1696 ubicunque
1132 1615 1513 1697 Propertius
1556 1615 1624 1679 in
1657 1613 2028 1695 deperditos
2071 1614 2589 1695 depravatosque

276 1746 437 1792 suae
481 1726 725 1792 aetatis
772 1744 980 1792 mores
1021 1725 1373 1807 invehitur,
1418 1725 1705 1807 puellam
1751 1744 1930 1790 suam
1986 1743 2129 1790 esse
2186 1741 2444 1790 causam
2501 1722 2590 1787 sit

276 1835 807 1913 demonstratum,
854 1833 1042 1898 huius
1085 1832 1405 1914 carminiS,
1454 1851 1576 1912 quo
1621 1833 1838 1898 lenam
1883 1831 2289 1897 contumeliis
2333 1849 2590 1896 consec-

276 1945 459 2007 tatur
497 1941 609 2006 ille
662 1945 1011 2022 mortuam,
1066 1959 1327 2006 causam
1384 1959 1526 2006 eam
1585 1957 1711 2005 non
1769 1958 1941 2022 esse,
2002 1939 2393 2021 persuadere
2435 1937 2592 2003 mihi
2679 2002 2684 2028 ι,

275 2068 404 2114 11011
474 2066 749 2130 possum.
858 2047 983 2113 Sed
1050 2049 1342 2114 nonnulli
1412 2049 1716 2114 carminis
1770 2049 1972 2130 ipsius
2025 2066 2253 2114 versus
2308 2047 2591 2128 puellam

275 2158 484 2238 illam,
532 2140 636 2222 cui
676 2157 891 2222 lenam
932 2162 1285 2239 praecepta
1330 2159 1486 2224 dare
1528 2162 1725 2239 poeta
1772 2157 1990 2240 fingit,
2053 2175 2196 2222 esse
2239 2155 2587 2239 Cynthiam

278 2271 507 2348 aperte
534 2267 785 2331 docent.
1179 2331 1186 2339 ,

483 2375 703 2454 Atque
746 2373 1019 2455 primum
1060 2372 1315 2452 quidem
1346 2373 1788 2458 Luetjohanni
1821 2371 2278 2439 assentirinon
2309 2388 2586 2454 possum,

279 2482 388 2562 qui
429 2481 835 2565 Propertium
888 2482 1171 2563 puellam
1226 2481 1407 2547 illam
1456 2533 1485 2564 „
1506 2501 1690 2548 suam
1707 2487 1738 2520 ‘⁴
1808 2481 2144 2564 appellare
2206 2480 2392 2545 nihili
2445 2497 2594 2544 esse·

276 2591 627 2659 existimat.
694 2590 959 2655 Etenim
1004 2609 1146 2656 cum
1190 2590 1275 2656 ad
1304 2589 1728 2672 Hertzbergii
1770 2589 2164 2654 sententiam
2209 2588 2587 2654 confirman-

282 2697 431 2764 dam
481 2698 548 2763 in
604 2716 681 2762 eo
734 2697 872 2779 ipso
937 2697 1181 2778 aliquid
1246 2698 1527 2779 positum
1591 2717 1734 2763 esse
1792 2697 1950 2763 mihi
2020 2697 2352 2777 videatur,
2419 2697 2586 2777 duod

286 2807 528 2872 nullam
572 2807 826 2872 omnino
880 2806 1078 2872 aliam
1119 2807 1401 2888 puellam
1462 2807 1589 2872 nisi
1631 2806 1980 2889 Cynthiam
2020 2805 2411 2871 carminibus
2454 2805 2587 2870 suis

276 2916 563 2981 coluisse
604 2920 866 2997 poetam
900 2920 1179 2998 constat,
1222 2915 1450 2981 summi
1473 2921 1655 2980 certe
1700 2933 1842 2980 esse
1867 2915 2175 2980 momenti
2215 2915 2386 2980 hunc
2420 2933 2478 2980 v.
2505 2919 2584 2978 63

597 3043 731 3108 „His
770 3043 1005 3096 animum
1043 3046 1319 3111 „nostrae“
1360 3043 1485 3096 dum
1524 3046 1702 3097 versat
1732 3043 1991 3098 Acanthis
2025 3043 2255 3097 amicae“

281 3155 613 3238 concedeS,
660 3155 717 3220 si
759 3155 1236 3236 comparaveris
1278 3174 1421 3221 cum
1451 3174 1557 3222 vv.
1597 3161 1850 3221 53—58
1885 3156 2016 3240 (vv.
2060 3159 2138 3220 55
2182 3159 2250 3220 et
2294 3161 2373 3220 56
2405 3156 2586 3222 nulla

276 3263 506 3330 habita
548 3263 832 3346 ratione,
880 3263 988 3343 qui
1027 3263 1409 3346 interpolati
1456 3282 1598 3329 esse
1644 3263 1800 3328 mihi
1842 3281 2092 3343 quoque
2135 3263 2496 3344 videntum:

663 3392 893 3458 „Aurum
931 3395 1189 3462 spectatO,
1226 3410 1331 3446 non
1367 3410 1501 3462 quae
1536 3409 1726 3447 manus
1767 3391 1956 3446 afferat
1994 3408 2198 3456 aurum,

823 3481 1075 3535 Versibus
1106 3481 1307 3536 auditis
1342 3483 1473 3552 quid
1510 3483 1616 3536 nisi
1652 3481 1813 3536 verba
1853 3481 2029 3536 feres?

666 3571 769 3636 Qui
806 3588 1005 3636 verene,
1037 3571 1175 3626 Coae
1213 3572 1417 3626 dederit
1450 3590 1546 3628 nec
1581 3589 1798 3628 munera
1831 3573 2017 3636 vestie,

828 3663 997 3716 Istius
1028 3661 1129 3715 tibi
1166 3662 1240 3715 sit
1277 3662 1438 3716 surda
1472 3663 1593 3741 sine*
1625 3679 1744 3717 aere
1779 3663 1895 3732 lyra
1911 3665 1956 3726 ;“

276 3771 504 3852 quibus
526 3773 821 3839 versibus
846 3773 1244 3856 PropertiUS,
1274 3774 1573 3854 quoniam
1613 3775 1825 3841 lenam
1857 3772 2366 3857 praecipientem
2401 3773 2584 3855 facit,

276 3884 351 3944 ut
390 3881 610 3979 puella
660 3881 1097 3963 „carminibus
1138 3882 1520 3964 poetisque“
1570 3884 1893 3966 neglectis
1953 3885 2198 3950 aetatis
2239 3883 2456 3949 florem
2502 3883 2588 3948 ad

283 3992 621 4067 quaestum
671 3989 987 4072 conferat,
1033 3991 1316 4072 puellam
1358 4009 1501 4056 esse
1543 3998 1802 4074 „suam“
1849 3993 1888 4057 i.
1925 4012 1960 4058 e
1999 3993 2348 4076 Cynthiam
2371 3987 2588 4074 'planis

280 4095 498 4162 verbis
540 4097 941 4177 pronuntiat.
1017 4098 1209 4164 Talia
1248 4098 1547 4164 nimirum
1587 4105 1942 4183 praecepta
1985 4101 2200 4166 lenam
2244 4101 2424 4166 illam
2457 4119 2586 4165 non

280 4204 402 4269 nisi
448 4204 509 4269 ei
550 4204 826 4288 puellae,
872 4224 1037 4285 quae
1080 4224 1152 4271 re
1197 4225 1355 4274 vera
1395 4206 1685 4273 carmina
1731 4209 2037 4274 donorum
2068 4211 2207 4274 loco
2235 4209 2583 4291 acceperit,

282 4331 423 4378 esse
493 4314 792 4378 daturam
854 4313 1074 4394 liquet.
1192 4314 1238 4379 J
1240 4334 1344 4380 am
1418 4316 1474 4381 si
1547 4316 2093 4400 consideraveriS,
2175 4316 2584 4398 Propertium

278 4420 550 4502 primum
596 4437 666 4486 se
714 4420 839 4486 nisi
866 4439 1091 4488 versus
1135 4423 1317 4488 nulla
1360 4424 1620 4505 puellae
1665 4443 1820 4490 suae
1863 4443 2050 4509 posse
2073 4425 2387 4510 praebere
2417 4425 2585 4496 dona

278 4528 541 4609 saepius
582 4529 873 4611 profiteri
916 4530 1101 4596 velut
1137 4529 1192 4615 I,
1240 4526 1351 4613 ab,
1394 4537 1496 4616 39,
1542 4536 1660 4600 40:
