3142 4984
1562 423 1984 483 ...24-

633 587 980 674 Cynthiam
1024 608 1305 656 amorem
1350 591 1732 657 documento
1779 595 1950 670 sunt,
2008 590 2308 669 quoniam
2349 590 2638 670 reliquae
2687 596 2784 656 10.
2837 597 2933 656 11.
3050 657 3051 666 ,

626 707 725 766 12.
781 705 875 765 13.
942 706 1040 765 16.
1097 706 1195 765 17.
1260 705 1357 766 18.
1416 705 1514 764 22.
1577 698 1958 782 refrigerari
2006 699 2187 764 illam
2243 699 2711 780 demonstrant,
2769 699 2934 765 satis
3050 775 3051 804 Ξ

626 809 794 890 quod
856 813 1001 874 erat
1058 807 1453 890 propositum
1514 807 1786 873 evicisse
1838 809 1993 874 mihi
2052 808 2294 889 videor,
2359 826 2578 874 omnes
2632 807 2781 872 libri
2834 807 2932 873 IV

625 918 872 1000 elegias
914 918 1303 1000 respondere
1358 917 1488 981 illis
1545 921 1780 997 poetae
1831 915 2031 981 animi
2083 915 2446 998 affectibuS‚
2499 916 2608 996 qui
2657 916 2934 982 indicati

622 1034 775 1092 sunt
816 1027 884 1091 in
930 1025 1319 1091 carminibus
1366 1024 1450 1090 ad
1497 1024 1847 1107 Cynthiam
1890 1025 2094 1106 ipsam
2137 1024 2415 1106 scriptis,
3050 1085 3051 1110 ᾗ

824 1133 870 1199 J
872 1153 976 1200 am
1007 1153 1161 1200 vero
1188 1133 1504 1198 rationem
1533 1133 1737 1210 illam,
1762 1151 1889 1213 qua
1911 1133 2266 1216 elegiarum
2284 1132 2470 1198 modo
2493 1136 2926 1198 tractatarum
3049 1153 3051 1226 j

614 1245 1005 1325 argumenta
1062 1261 1103 1306 a
1158 1244 1394 1322 poetae
1446 1240 1648 1321 ipsius
1701 1235 2025 1306 amoribus
2067 1240 2386 1322 paulatim
2442 1240 2774 1320 recedunt,
2829 1240 2928 1304 ita
3049 1279 3051 1298 1

3049 1333 3051 1360 3

614 1357 689 1416 ut
732 1369 815 1415 ne
858 1349 1155 1430 profecta
1202 1348 1456 1428 quidem
1510 1348 1644 1416 sint
1694 1349 2006 1414 nonnulla
2064 1367 2146 1414 ex
2183 1367 2469 1414 amorum
2515 1348 2734 1427 aliqua
2777 1365 2921 1412 con·
3050 1387 3051 1396 1

613 1458 891 1539 dicione,
951 1456 1257 1522 indicium
1284 1474 1426 1522 esse
1463 1455 1803 1521 admodum
1843 1457 2281 1538 perspicuum,
2339 1455 2663 1539 Cynthiae
2704 1474 2921 1520 amore
3050 1439 3051 1530 3

545 1595 559 1604 ·
614 1586 685 1634 se
724 1566 1031 1632 abdicare
1077 1564 1503 1646 Propertium,
1545 1563 1816 1644 primum
1857 1564 2112 1643 quidem
2155 1564 2325 1648 apud
2367 1565 2555 1645 hunc,
2601 1581 2788 1644 quem
2823 1563 2919 1628 ita
3050 1599 3051 1636 1

616 1693 685 1740 se
729 1671 993 1738 finxisse
1046 1673 1127 1738 ad
1185 1671 1442 1754 puellae
1498 1671 1859 1754 arbitrium,
1917 1676 1992 1738 ut
2036 1676 2182 1738 tota
2239 1672 2378 1755 ejus
2420 1671 2632 1752 poesis
2676 1689 2757 1736 ex
2799 1671 2919 1735 hoc

616 1800 741 1848 uno
785 1799 1002 1848 amore
1046 1779 1487 1846 effunderetur
1530 1780 2128 1862 demonstravimus,
2175 1799 2292 1862 per
2333 1798 2402 1845 se
2442 1783 2648 1862 patet,
2686 1777 2918 1844 deinde
3050 1793 3051 1800 ¹

614 1907 771 1955 vero
817 1888 1110 1969 sequitur
1152 1907 1233 1954 ex
1275 1888 1727 1953 nonnullarum
1772 1887 1921 1952 libri
1957 1887 1993 1952 I
2036 1887 2392 1969 elegiarum
2433 1885 2707 1968 ratione,
2753 1905 2918 1966 quae
3050 1887 3051 1924 ³

611 1999 680 2064 in
723 1998 916 2063 simili
974 1998 1253 2078 quadam
1296 1997 1533 2064 amoris
1572 1997 1946 2063 condicione
1998 2014 2098 2061 sc:
2163 1995 2418 2062 discidii
2455 1994 2632 2060 illius
2673 1998 2915 2077 tempo-

612 2108 808 2189 ribuS‚
853 2125 975 2187 quo
1014 2107 1448 2188 interruptum
1480 2105 1681 2174 fuisse
1719 2124 2000 2171 amorem
2038 2109 2317 2187 constat,
2359 2094 2642 2187 scriptae
2673 2106 2912 2191 sunt1).

612 2215 735 2281 His
777 2215 947 2280 enim
989 2215 1058 2280 in
1104 2214 1331 2296 elegiis
1375 2214 1667 2279 omnibus
1711 2215 1835 2300 (scz
1894 2219 1950 2279 1.
1998 2220 2097 2280 12.
2146 2219 2244 2279 13.
2290 2219 2388 2280 16.
2439 2215 2590 2300 17.),
2650 2214 2748 2280 ita
2788 2233 2914 2278 non

608 2343 679 2390 se
723 2323 971 2390 avertit
1013 2322 1393 2403 Propertius
1436 2341 1479 2388 a
1520 2322 1760 2405 puella,
1803 2329 1878 2389 ut
1917 2341 2134 2418 amore
2179 2328 2248 2388 et
2291 2322 2417 2388 fide
2461 2323 2914 2389 asseverandis

603 2433 786 2498 illam
838 2430 963 2497 sibi
1012 2421 1433 2497 reconciliare
1489 2430 1774 2497 studeat.
1861 2431 2175 2496 Nimirum
2235 2437 2477 2497 summo
2534 2451 2694 2514 erga
2745 2431 2912 2514 Cyn-

610 2541 815 2606 thiam
859 2557 1074 2605 amore
1112 2542 1259 2604 erat
1299 2539 1605 2605 incensus
1645 2539 2008 2619 amorisque
2047 2544 2300 2606 aestum
2345 2544 2544 2620 atque
2590 2539 2912 2606 fervorem

617 2647 1009 2716 carminibus
1064 2647 1248 2713 nobis
1301 2647 1630 2728 proponit3
1684 2648 1878 2728 plane
1927 2647 2122 2714 aliter
2177 2666 2284 2714 res
2339 2667 2408 2714 se
2454 2649 2653 2714 habet
2694 2649 2760 2714 in
2807 2650 2908 2718 ell.

606 2757 723 2839 IV,
772 2763 871 2822 10.
920 2762 995 2821 11
1038 2760 1225 2822 cett.:
1282 2759 1477 2836 poeta
1520 2773 1647 2820 non
1689 2754 1893 2821 solum
1930 2774 2058 2821 non
2095 2761 2212 2820 aut
2244 2756 2356 2821 vix
2382 2756 2705 2838 Cynthiae
2738 2775 2908 2822 men-

608 2866 850 2931 tionem
889 2864 1071 2947 facit,
1116 2864 1229 2930 sed
1277 2867 1529 2928 tractat
1571 2869 1958 2946 argumenta
1993 2869 2183 2930 extra
2219 2883 2471 2930 amores
2511 2865 2744 2948 posita,
2781 2864 2907 2930 usi-

601 2979 768 3056 tata,
816 2973 1007 3053 111131,
1055 2971 1249 3052 quid?
1296 2972 1484 3054 quod,
1532 2972 1640 3037 ubi
1670 2971 1890 3056 tangit
1921 2991 2220 3054 amorem,
2261 2992 2336 3039 00
2368 2973 2633 3040 consilio
2667 2974 2906 3056 tangit,

608 3087 683 3147 ut
724 3087 794 3147 et
838 3081 1035 3146 animi
1099 3081 1198 3146 sui
1252 3079 1668 3146 offensionem
1716 3085 1786 3145 et
1831 3081 2068 3146 amoris
2113 3081 2288 3148 illius
2330 3083 2696 3149 vacationis
2744 3082 2906 3148 ‹lesi-

606 3190 855 3255 derium
898 3189 1249 3272 exprimat:
1310 3189 1624 3260 Nimirum
1667 3189 1836 3270 quod
1872 3190 2119 3256 factum
2164 3208 2305 3255 esse
2344 3195 2675 3257 extremae
2719 3189 2906 3256 huius

597 3299 747 3366 libri
793 3299 1045 3380 elegiae
1084 3299 1555 3380 demonstrant,
1602 3298 1949 3381 indicatur,
1986 3298 2310 3380 Propertii
2354 3317 2512 3384 erga
2555 3300 2904 3383 Cynthiam

598 3425 878 3474 amorem
923 3405 1160 3472 sensim
1204 3405 1383 3472 dilui.
1431 3444 1510 3454 -—
1556 3405 1740 3470 Idem
1784 3424 1972 3486 porro
2019 3406 2436 3472 confirmatur
2477 3408 2584 3474 ell.
2630 3409 2754 3490 ΠΙ,
2804 3414 2901 3474 15.

468 3579 472 3584 .
600 3521 695 3581 16.
746 3521 845 3597 17,
892 3533 1053 3595 quas
1096 3533 1175 3579 ea
1219 3517 1616 3594 tempestate
1661 3513 1958 3580 conditas
2001 3533 2163 3598 esse,
2211 3534 2336 3596 qua
2378 3516 2716 3598 Propertio
2760 3534 2902 3582 cum

598 3623 882 3708 Cynthia
927 3627 1117 3689 erant
1150 3621 1529 3688 inimicitiae
1567 3626 1637 3687 et
1679 3623 1962 3704 ipsarum
2008 3629 2076 3688 et
2120 3623 2396 3690 aliarum
2434 3625 2720 3708 ejusdem
2753 3625 2902 3691 libri

594 3733 949 3815 elegiarum
990 3730 1393 3814 argumentis
1431 3731 1666 3814 doceri,
1714 3750 1909 3814 supra
1953 3732 2380 3814 exposuimus
2449 3733 2572 3798 His
2619 3733 2789 3800 enim
2831 3734 2898 3799 in

592 3840 982 3908 carminibus
1036 3839 1261 3905 itidem
1319 3858 1398 3906 ac
1450 3840 1518 3905 in
1576 3840 1728 3906 libri
1771 3839 1868 3906 IV
1911 3841 2139 3924 elegiis
2195 3841 2378 3906 modo
2422 3842 2732 3908 tractatis
2773 3841 2900 3908 nisi

592 3971 853 4036 prorsus
892 3951 1131 4018 leviter
1156 3951 1289 4038 (17,
1334 3958 1365 4017 1
1404 3953 1527 4039 sq.)
1569 3951 1898 4034 Cynthiae
1926 3952 2108 4018 nulla
2146 3951 2224 4017 fit
2259 3951 2520 4034 menti0‚
2569 3952 2719 4033 quia
2744 3953 2896 4019 Pro-

590 4061 840 4144 pertius
884 4060 1143 4142 puellae
1186 4059 1458 4140 perfidia
1496 4079 1571 4126 eo
1618 4065 1721 4126 est
1759 4060 2098 4142 adductuS‚
2145 4064 2220 4125 ut
2262 4060 2501 4126 levium
2537 4060 2895 4142 puellarum
3008 4047 3014 4052 ’

586 4174 884 4236 1110101111
927 4167 1410 4234 consuetudine.

791 4276 935 4342 Hoc
996 4294 1151 4343 vero
1206 4275 1618 4357 comprobato
1675 4275 1837 4341 illud
1897 4292 2146 4356 quoque
2199 4276 2710 4343 demonstratum
2754 4293 2895 4343 esse

586 4385 847 4451 videtur
903 4423 989 4432 —
1048 4384 1227 4466 quod
1272 4388 1348 4449 ut
1403 4383 1714 4465 probetur
1769 4401 1876 4448 res
1937 4383 2082 4466 ipsa
2123 4384 2414 4464 postulat
2456 4423 2540 4432 —
2587 4385 2894 4451 extremis

795 4531 835 4599 ι)
869 4530 935 4586 of.
978 4497 1241 4586 Esohgfib.
1277 4531 1314 4584 1.
1350 4530 1386 4585 1.
1426 4545 1476 4600 p.
1516 4530 1598 4584 92.
1635 4529 1766 4585 adw.
2341 4513 2345 4517 ’
