3142 4984
1404 461 1487 472 ..-
1578 426 1659 488 53
1748 462 1832 472 ...-

461 588 809 674 Cynthiam
869 610 1010 657 esse
1065 592 1390 658 dimissam
1437 593 1921 676 demonstrant,
1990 595 2481 660 defervescente
2536 592 2772 660 sensim

457 716 674 764 amore
718 698 804 764 ad
838 703 1226 783 argumenta
1258 719 1328 765 se
1365 705 1781 768 converteret
1806 701 2110 786 graviora
2146 707 2343 782 atque
2388 700 2770 767 austeriora.

460 805 680 888 Quid?
739 808 907 887 quod
951 807 1220 873 discisso
1267 809 1532 874 tandem
1573 810 1811 876 amoris
1853 811 2111 877 vinculo
2158 811 2242 877 ad
2286 811 2445 876 illud
2490 809 2771 874 animum

459 913 805 981 advertere
852 934 996 981 eum
1035 915 1339 982 docemur
1382 917 1536 1004 (ΙΙΙ,
1590 922 1669 1002 1),
1722 919 1825 984 cui
1868 919 2043 986 vires
2104 937 2255 984 suas
2298 937 2424 984 non
2470 917 2773 984 sufficere

459 1023 695 1103 ubique
753 1028 857 1090 est
910 1023 1268 1107 professae,
1329 1027 1623 1106 quodque
1684 1045 1757 1094 se
1814 1031 2015 1092 antea
2074 1028 2353 1093 nondum
2413 1020 2773 1107 suscepisse

459 1131 622 1218 (III,
673 1135 841 1213 1,25)
896 1131 1209 1198 declarat.
1300 1133 1444 1199 Hac
1502 1139 1722 1200 autem
1780 1154 1861 1201 ex
1920 1154 1990 1200 re
2040 1135 2197 1200 cum'
2234 1134 2393 1201 illud
2460 1134 2772 1216 sequitur,

460 1247 589 1304 non
633 1238 854 1320 poesin
899 1239 1305 1322 Propertium
1352 1241 1538 1306 simul
1559 1259 1703 1306 cum
1750 1261 1965 1308 amore
2007 1261 2149 1307 esse
2189 1242 2587 1324 relicturum,
2636 1246 2774 1307 tum

460 1345 656 1430 illud,
717 1347 1070 1430 elegiarum
1111 1347 1394 1426 illarum,
1454 1349 1685 1431 quibus
1747 1354 1927 1415 totus
1982 1349 2121 1415 fere
2182 1348 2553 1420 continetur
2610 1349 2775 1413 liber

464 1458 810 1538 extremuS,
857 1455 1138 1537 specieS,
1181 1474 1449 1536 quarum
1492 1456 1748 1539 insigne
1775 1457 2099 1539 proprium
2142 1462 2211 1523 et
2252 1457 2581 1540 peculiare
2622 1460 2775 1522 sunt

461 1568 851 1646 argumenta
894 1563 1126 1647 gravia
1155 1569 1355 1644 atque
1398 1583 1647 1646 severa,
1697 1565 1930 1646 quippe
1955 1570 2273 1647 occupata
2314 1565 2381 1630 in
2408 1563 2775 1632 tractandis

461 1671 672 1753 rebus,
720 1690 886 1752 quae
932 1671 1168 1738 decent
1207 1672 1488 1738 animum
1531 1677 1602 1738 et
1642 1691 1859 1738 rerum
1891 1674 2279 1758 cognitionis
2323 1679 2391 1739 et
2438 1671 2773 1738 doctrinae

461 1780 814 1845 studiosum
841 1776 943 1863 (V,
997 1787 1052 1864 1,
1105 1787 1334 1848 1-70
1381 1787 1440 1848 2.
1485 1786 1546 1848 4.
1586 1789 1644 1851 6.
1686 1787 1743 1850 9.
1794 1783 1900 1870 lo)
1945 1788 2015 1848 et
2051 1781 2399 1848 affectuum
2440 1781 2774 1864 gravitate

461 1888 828 1970 praeditum
873 1887 982 1972 (V,
1027 1895 1085 1954 3.
1138 1891 1271 1975 11.)
1280 1939 1298 1972 ,
1341 1890 1625 1972 priorum
1666 1889 1973 1956 librorum
2026 1889 2242 1955 indole
2295 1894 2493 1969 atque
2536 1892 2774 1954 natura

471 1995 782 2078 imprimis
815 1996 963 2062 libri
989 1997 1085 2062 IV
1116 1997 1471 2080 elegiarum
1515 1985 1771 2063 ratione
1809 1999 1917 2064 vel
1960 1997 2101 2079 ipsa
2136 1982 2316 2079 poesi
2346 1995 2775 2077 Propertiana

465 2122 609 2171 esse
625 2109 1069 2188 praeparatas.
1113 2105 1356 2189 Quodsi
1373 2111 1877 2173 consentaneum
1896 2112 1998 2172 est
2018 2111 2086 2172 et
2108 2105 2286 2188 poesi
2303 2105 2772 2187 Propertianae

460 2215 656 2296 plane
700 2215 1250 2280 accommodatum
1301 2214 1368 2279 in
1416 2215 1579 2280 libro
1625 2215 1681 2280 V
1724 2214 2004 2296 tractari
2056 2218 2443 2297 argumenta
2489 2233 2530 2278 a
2578 2212 2773 2278 trium

462 2321 776 2404 imprimis
825 2321 1118 2404 priorum·
1166 2322 1473 2388 librorum
1535 2322 1751 2389 indole
1813 2323 2007 2405 plane
2082 2321 2331 2404 aliena,
2408 2321 2775 2387 incubuisse

464 2435 723 2512 poetam
762 2431 828 2496 in
853 2431 1272 2512 explicandas
1298 2449 1646 2514 sacrorum,
1694 2431 1959 2514 dierum,
2007 2432 2288 2497 locorum
2330 2429 2775 2513 cognominum

463 2557 697 2606 causas
739 2545 938 2620 atque
982 2539 1264 2622 origines
1308 2539 1435 2604 toti
1481 2540 1621 2624 eJus
1663 2539 1842 2622 poesi
1865 2559 2127 2622 prorsus
2171 2539 2540 2621 respondet.
2605 2538 2774 2622 Quid

463 2649 678 2725 enim?
743 2647 1186 2730 Propertium,
1233 2665 1420 2726 quem
1479 2648 1821 2714 admodum
1852 2649 2158 2731 juvenem
2202 2647 2423 2729 poesin
2465 2665 2643 2712 suam
2690 2646 2775 2712 ad

464 2761 657 2824 unam
684 2775 820 2822 rem
841 2774 926 2824 sc.
973 2756 1057 2821 ad
1079 2773 1262 2821 suum
1306 2774 1465 2839 erga
1493 2755 1843 2838 Cynthiam
1880 2774 2161 2821 amorem
2184 2754 2495 2820 direxisse
2518 2755 2769 2838 scimuS,

468 2883 679 2932 nonne
723 2881 986 2928 necesse
1033 2880 1176 2929 esse
1204 2861 1463 2929 videtur
1508 2863 1764 2944 experti
1805 2863 2050 2946 ingenii
2084 2867 2343 2944 poetam
2388 2861 2454 2926 id
2500 2863 2773 2956 maxime

469 2993 612 3040 esse
657 2977 974 3054 acturum,
1019 2976 1094 3036 ut
1132 2971 1566 3054 cogitationes
1611 2957 1763 3037 suas
1809 2971 2158 3053 poesinque
2194 2971 2287 3064 'ad
2333 2987 2527 3036 unum
2576 2971 2773 3050 potis-

465 3081 691 3148 simum
731 3079 1030 3146 conferat
1059 3095 1266 3159 neque
1291 3079 1585 3146 carmina
1624 3085 1881 3145 tantum
1910 3079 2168 3161 condat,
2213 3096 2477 3158 quorum
2522 3077 2772 3142 occasio

464 3191 682 3271 aliqua
727 3188 1000 3254 fortuito
1049 3189 1298 3269 copiam
1360 3188 1645 3282 faciebat
1688 3186 1875 3254 velut
1924 3187 2018 3269 V,
2072 3192 2129 3254 3.
2185 3186 2307 3252 11?
2402 3185 2555 3252 Jam
2617 3202 2767 3251 vero

465 3319 606 3366 cum
651 3302 720 3363 et
763 3295 879 3378 IV,
919 3301 980 3378 4,
1029 3301 1108 3362 23
1149 3315 1320 3375 sqq.:

774 3403 982 3472 „Atque
1015 3401 1106 3454 ubi
1138 3401 1249 3469 jam
1287 3402 1540 3456 Venerem
1578 3402 1757 3470 gravis
1799 3401 2137 3470 interceperit
2176 3403 2342 3465 actae,

977 3493 1242 3562 Sparserit
1279 3496 1334 3547 et
1369 3493 1550 3562 nigras
1588 3492 1710 3547 alba
1748 3495 1961 3548 senecta
1994 3507 2184 3557 comae,

772 3585 906 3638 Tum
946 3585 1076 3638 mihi
1117 3586 1337 3638 naturae
1372 3582 1540 3637 libeat
1573 3583 1867 3652 perdiscere
1902 3599 2089 3648 moreS‚

976 3675 1104 3738 Quis
1128 3674 1258 3730 deus
1275 3674 1412 3728 hanc
1435 3673 1621 3726 mundi
1646 3676 1906 3742 temperet
1932 3675 2047 3727 arte
2074 3671 2317 3726 domum“
2353 3675 2480 3726 cett.

461 3773 661 3848 atque
703 3764 1015 3848 imprimis
1057 3765 1173 3848 IV,
1221 3771 1322 3848 21,
1365 3770 1685 3831 25—302

909 3874 1062 3942 „Illic
1093 3877 1190 3928 aut
1224 3874 1421 3928 studiis
1454 3874 1689 3928 animum
1723 3873 1993 3928 emendare
2028 3872 2272 3927 Platonis

1077 3965 1334 4032 Incipiam
1370 3967 1468 4018 aut
1502 3964 1690 4029 hortiS,
1726 3964 1880 4018 docte
1917 3964 2159 4033 Epicure,
2195 3963 2323 4028 tuis,
2361 3979 2404 4017 e.
2444 3980 2496 4032 q.
2536 3965 2607 4015 s·.“

464 4073 540 4118 eo
578 4071 808 4134 nempe
843 4053 1161 4137 carmine,
1208 4073 1331 4135 quo
1369 4059 1443 4121 ut
1487 4055 1724 4120 amoris
1762 4054 2037 4121 vinculis
2082 4073 2151 4119 se
2192 4055 2520 4134 exsolvat,
2568 4040 2770 4117 Athe-

461 4180 580 4227 nas
627 4179 696 4226 se
746 4179 886 4228 esse
949 4162 1388 4244 profecturum
1444 4162 1637 4246 dicit,
1704 4182 1846 4228 cum
1904 4163 2007 4228 his
2064 4162 2222 4228 locis
2274 4163 2342 4227 in
2398 4162 2769 4230 universum

465 4272 644 4335 certe
689 4269 1020 4353 enuntiet,
1081 4271 1293 4336 missis
1349 4290 1637 4337 amorum
1684 4270 1928 4335 lusibus
1982 4277 2051 4335 et
2093 4271 2351 4353 gaudiis
2410 4271 2494 4336 ad
2552 4270 2771 4335 studia

463 4396 694 4445 severa
729 4378 1008 4444 animum
1038 4398 1108 4445 se
1144 4398 1286 4446 esse
1311 4381 1754 4461 adversurum,
1787 4379 2084 4459 quoniam
2112 4398 2345 4445 revera
2374 4379 2555 4462 illud,
2602 4381 2769 4458 quod

463 4491 804 4570 posuerat,
867 4484 1232 4570 acciderat,
1291 4488 1477 4570 quid,
1535 4506 1773 4569 quaeso
1819 4489 2027 4570 magis
2071 4492 2217 4554 erat
2264 4492 2768 4554 consentaneum
