3142 4984
1466 509 1891 572 -56-

933 676 1101 744 „Nam
1139 676 1242 729 tibi
1275 677 1536 742 victriceS,
1573 693 1931 746 quascumque
1968 677 2146 732 labore
2182 679 2402 746 parasti,

1133 765 1332 818 Eludet
1362 767 1570 834 palmas
1607 783 1714 820 una
1746 767 1926 835 puella
1961 770 2131 820 tuas,⁴⁴

522 874 648 960 Qui
692 895 923 943 versus
969 879 1152 942 recte
1196 877 1475 960 perspici
1517 895 1645 943 non
1690 882 1960 959 possunt
2021 877 2148 944 nisi
2190 897 2335 943 cum
2377 896 2438 945 v.
2490 881 2645 944 138:
2692 877 2832 959 „Et

519 985 798 1051 Veneris
821 985 1038 1066 pueris
1082 985 1265 1050 utilis
1285 985 1492 1050 hostis
1529 985 1739 1068 0113.,“
1778 1005 1965 1067 quem
2011 1006 2121 1053 eos
2137 987 2461 1068 respicere
2500 966 2833 1067 particula

523 1099 752 1176 „nam“
799 1095 1009 1176 docet,
1071 1095 1137 1158 in
1197 1093 1689 1174 interpretando
1751 1095 1997 1161 arctius
2056 1096 2550 1180 conjunguntur.
2638 1093 2832 1158 Hunc

520 1207 738 1270 autem
792 1220 1052 1268 versum
1104 1206 1286 1267 recte
1339 1201 1701 1283 explicasse
1759 1203 1916 1268 mihi
1971 1203 2233 1270 videtur
2276 1202 2677 1285 Hertzberg,
2724 1202 2833 1281 qui

516 1309 586 1375 in
622 1310 851 1377 transl.
898 1328 1098 1392 germ.
1144 1329 1205 1390 11.
1265 1311 1389 1374 402
1436 1310 1627 1376 dicit:
1690 1311 1859 1393 „den
1900 1310 2179 1376 Knaben
2236 1311 2353 1376 der
2397 1310 2647 1391 Venus,
2706 1309 2833 1398 den

517 1417 802 1500 Eroten,
872 1417 1081 1484 heisst
1139 1435 1210 1482 er
1275 1416 1380 1482 ein
1451 1419 1819 1484 niitzlicher
1877 1418 2112 1498 Feind3
2188 1419 2357 1483 deun
2415 1417 2509 1483 sie
2567 1416 2829 1482 werden

516 1527 835 1591 manchen
881 1525 1036 1608 Sieg
1077 1526 1237 1591 iiber
1281 1525 1393 1591 ihn
1435 1526 1811 1609 erfechten,
1862 1528 2136 1592 manche
2178 1526 2390 1591 Beute
2438 1544 2524 1591 an
2566 1524 2829 1591 Liebes-

516 1634 765 1700 liedern
809 1652 938 1700 von
983 1634 1114 1698 ihm
1168 1633 1577 1716 gewinnen.“
1669 1633 1821 1700 Jam
1863 1652 2017 1700 vero
2078 1653 2221 1700 cum
2262 1653 2363 1701 vv.
2425 1639 2544 1698 139
2591 1635 2659 1696 et
2705 1636 2828 1697 140

515 1741 704 1808 huius
727 1741 823 1806 rei
848 1760 1046 1808 causa
1073 1741 1508 1824 contineatur,
1539 1741 1885 1824 „victrices
1907 1743 2217 1824 palmas,“
2248 1759 2410 1822 quas
2447 1759 2577 1806 una
2610 1741 2829 1822 puella

517 1849 758 1930 eludet,
808 1849 1273 1936 intelligendas
1318 1867 1460 1915 esse
1484 1889 1567 1900 —-
1592 1868 1738 1932 11011,
1786 1852 1954 1931 quod
1998 1851 2311 1933 suspicati
2356 1854 2507 1915 sunt
2549 1868 2653 1916 vv.
2700 1849 2827 1929 dd.,

517 1957 625 2023 011.
669 1963 721 2023 1.
777 1963 835 2024 2.
898 1960 942 2022 4
981 1961 1135 2024 cett.
1187 1957 1456 2041 jamJ‘am
1517 1958 1921 2040 conscriptas
1978 1993 2052 2008 --
2100 1959 2214 2024 sed
2272 1961 2587 2040 „conatus
2638 1956 2829 2021 illos“

515 2069 735 2149 patet,
792 2065 1022 2145 quibus
1076 2064 1458 2147 Propertius
1535 2085 1820 2150 „magno
1878 2067 2153 2132 labore“
2226 2067 2310 2133 ab
2368 2081 2590 2131 amore'
2642 2063 2832 2129 huius

517 2176 792 2257 „unius“
848 2173 1106 2255 puellae
1148 2173 1191 2239 1.
1242 2193 1297 2239 0.
1347 2173 1673 2257 Cynthiae
1718 2213 1801 2224 --
1846 2193 1995 2240 nam
2038 2174 2211 2255 apud
2253 2173 2661 2255 Propertium
2708 2173 2830 2237 hoc

515 2282 771 2349 nomine
813 2282 947 2347 alia
971 2281 1225 2348 omnino
1265 2282 1552 2365 intelligi
1587 2301 1716 2348 non
1749 2285 1970 2364 potest
2015 2321 2094 2332 -
2144 2301 2213 2348 se
2252 2282 2533 2347 liberare
2557 2279 2827 2347 studuit.

520 2391 694 2473 Quos
718 2395 990 2456 conatus
1034 2408 1254 2456 omnes
1276 2390 1546 2456 elusisse
1588 2391 1769 2457 1113111
1794 2375 1992 2469 atque
2038 2408 2117 2456 ea
2139 2391 2281 2472 ipsa
2326 2409 2397 2454 re
2418 2389 2831 2470 Propertium

516 2499 791 2564 Veneris
846 2498 1062 2580 pueris
1119 2498 1347 2564 utilem
1407 2499 1609 2564 fuisse
1652 2501 1901 2565 hostem
1947 2506 2016 2564 et
2059 2499 2140 2564 01.
2184 2499 2263 2581 V,
2305 2504 2361 2581 7,
2402 2517 2529 2579 qua
2570 2499 2832 2580 puellae

515 2611 810 2673 mortuae
860 2607 1153 2687 quamvis
1197 2606 1546 2672 abdicatae
1586 2608 1861 2674 honores
1902 2607 2099 2674 solvit
2148 2606 2401 2673 debitos
2441 2611 2511 2673 et
2553 2611 2834 2687 quatuor

513 2716 761 2798 priores
817 2714 1171 2798 elegiarum
1230 2715 1381 2781 libri
1439 2717 1745 2782 clamant.
1850 2716 2034 2782 Haec
2092 2715 2424 2782 sententia
2482 2717 2655 2781 ultro
2712 2715 2828 2796 013,

513 2825 624 2905 qui
667 2828 1026 2904 sequuntur
1078 2823 1375 2890 versibus
1419 2825 1867 2907 confirmatur,
1928 2825 2157 2905 quibus
2200 2843 2545 2904 numquam
2586 2824 2668 2888 ab
2713 2823 2831 2888 illo

521 2951 737 2998 amore
783 2949 928 2996 eum
971 2950 1041 2997 se
1083 2950 1346 3013 prorsus
1399 2950 1542 2997 esse
1592 2932 2019 2998 liberaturum
2053 2931 2425 2997 accuratius
2461 2931 2827 3012 exponitur.

514 3041 826 3107 Versibus
866 3039 1073 3121 igitur
1116 3043 1237 3106 137
1258 3079 1338 3088 —
1364 3044 1482 3105 147
1543 3041 1707 3107 11300
1750 3040 1882 3106 tria
1922 3041 2255 3106 dicuntur:
2312 3039 2585 3121 primum
2628 3057 2828 3104 unam

509 3150 812 3232 puellam,
860 3148 1094 3214 deinde
1117 3152 1458 3230 perpetuo,
1497 3153 1637 3214 tum
1682 3167 1923 3214 summo
1970 3167 2112 3213 cum
2156 3147 2377 3213 dolore
2416 3166 2457 3212 a
2486 3146 2832 3227 Propertio

511 3263 800 3324 amatum
842 3239 943 3322 iri.
1009 3257 1344 3322 Extremis
1387 3260 1607 3323 autem
1645 3257 1959 3338 versibuS,
2008 3255 2301 3335 quamvis
2326 3253 2614 3320 obscuris
2638 3253 2832 3320 nobis

509 3367 576 3432 in
615 3370 807 3432 tanta
847 3365 1246 3448 astrologiae
1274 3364 1621 3430 inscientia
1664 3384 1808 3430 cum
1847 3365 2088 3430 malum
2112 3363 2430 3443 quoddam
2474 3364 2555 3428 ab
2601 3364 2825 3428 horos-

513 3493 670 3557 copo
708 3473 956 3557 attingi
980 3475 1048 3539 in
1089 3474 1430 3556 propatulo
1469 3473 1577 3556 sit,
1625 3493 1666 3538 a
1691 3491 1847 3540 vero
1874 3473 2181 3538 aberrare
2208 3471 2366 3537 mihi
2410 3489 2537 3536 non
2580 3471 2831 3552 videor,

511 3585 565 3651 31
613 3583 782 3665 quod
823 3582 1030 3649 totius
1061 3582 1430 3664 argumenti
1459 3586 1700 3648 natura
1729 3582 1880 3664 fert,
1927 3579 2255 3646 infelicem
2298 3579 2536 3646 amoris
2578 3577 2829 3644 exitum

509 3691 786 3758 indicari
826 3691 1164 3757 contendo.

715 3819 962 3902 Quibus
1027 3818 1340 3900 expositis
1403 3837 1547 3884 cum
1604 3837 1711 3886 vv.
1763 3821 2127 3883 137-150
2180 3816 2587 3882 describatur
2642 3815 2835 3882 vitae

511 3928 908 4012 praeteritae
947 3941 1231 4009 11313103,
1275 3945 1439 4006 quae
1476 3926 1773 4006 sequitur
1814 3924 1995 3991 illam
2036 3943 2141 3992 vv.
2190 3930 2308 3990 121
2329 3962 2410 3974 -
2437 3927 2560 3989 134
2604 3923 2833 3988 adum-

513 4040 763 4104 bratam
781 4086 797 4119 ,
856 4036 954 4102 ita
999 4040 1075 4101 ut
1133 4035 1421 4100 carmine
1483 4039 1706 4101 nostro
1764 4038 1909 4100 tota
1967 4032 2293 4114 Propertii
2345 4031 2491 4100 vita
2540 4035 2612 4097 et
2665 4034 2833 4098 ante

505 4165 788 4212 amorem
831 4143 989 4210 etin
1023 4144 1136 4209 illo
1173 4145 1451 4225 peracta
1481 4142 1522 4208 i.
1552 4161 1605 4210 0.
1644 4143 1795 4209 inde
1834 4143 1917 4206 ab
1951 4161 2010 4207 a.
2038 4140 2178 4206 fere
2224 4145 2592 4205 708-732
2638 4137 2834 4204 nobis

507 4256 936 4335 proponatur,
1002 4268 1052 4315 c.
1109 4249 1188 4332 V,
1238 4257 1268 4314 1
1278 4255 1483 4333 ,-71
1507 4255 1628 4315 150
1686 4251 2140 4332 argumentum
2198 4245 2569 4312 sententiae
2626 4262 2834 4326 supra

507 4362 804 4444 prolatae
847 4361 1042 4441 plane
1087 4359 1506 4443 respondere
1524 4357 1748 4438 liquet.

710 4467 862 4534 Jam
905 4485 1061 4534 vero
1106 4465 1214 4547 qui
1253 4465 1500 4532 factum
1561 4465 1681 4547 sit,
1728 4468 1803 4528 ut
1847 4481 1901 4529 0.
1945 4461 2029 4544 V,
2081 4466 2137 4543 1,
2144 4465 2322 4526 71-
2348 4407 2509 4541 150,
2566 4459 2737 4540 quod
2780 4477 2825 4524 a

513 4575 724 4657 priore
777 4575 856 4657 V,
907 4581 1103 4657 1,--1
1133 4581 1212 4639 70
1279 4578 1350 4638 ut
1410 4591 1647 4640 novum
1714 4569 2188 4654 segregandum
2270 4584 2411 4632 esse
2471 4565 2824 4650 (100111111113,

2804 4875 2875 4955 ἐξ
