3142 4984
1526 434 1948 495 ...35-

592 595 787 664 duces
814 595 1075 678 feriant,
1124 598 1232 663 vel
1277 598 1427 678 quia
1450 619 1634 666 arma
1677 601 1792 667 illa
1819 602 1898 666 de
1940 602 2221 668 hostium
2251 603 2518 669 ducibus
2559 606 2900 684 reportata

582 702 871 768 humeris
914 705 997 770 ad
1041 703 1228 772 Jovis
1266 725 1447 772 aram
1492 709 1765 776 tulerint
1808 711 1926 792 illi,
1970 716 2168 792 poeta
2205 711 2431 778 refert.

788 811 1028 878 Restat
1086 815 1165 880 el.
1222 821 1297 898 6,
1376 816 1558 900 cujus
1610 821 2062 900 argumentum
2122 823 2225 884 est
2281 821 2428 885 hoc:
2490 838 2596 886 vv.
2657 823 2894 883 1--10

580 923 777 999 poeta
796 937 939 984 cum
965 939 1154 1000 quam
1178 923 1446 1004 grande,
1483 942 1670 1003 quam
1699 925 1984 991 divinum
2011 927 2098 992 sit
2122 931 2530 993 tractaturus
2553 943 2893 1008 argumen-

579 1037 716 1091 tum
739 1045 1115 1108 persuasum
1139 1031 1403 1112 habeat,
1430 1049 1676 1097 summa
1702 1034 2016 1117 religione
2037 1032 2237 1116 atque
2263 1037 2609 1102 cerimonia
2631 1053 2893 1100 carmen

580 1134 921 1202 exordiens
958 1140 1032 1201 ut
1088 1137 1209 1202 tali
1256 1144 1641 1220 argumento
1689 1141 1887 1224 digna
1932 1144 2227 1224 proferat
2288 1149 2474 1226 optat
2521 1149 2589 1209 61
2630 1150 2706 1209 111
2743 1161 2891 1208 0011-

578 1243 1051 1308 secrationibus
1070 1253 1530 1310 removeantur
1542 1248 1746 1312 omnis
1757 1249 1938 1315 fraus
1953 1251 2282 1331 omnisque
2298 1251 2567 1316 fallacia
2580 1249 2890 1332 postulat.

578 1352 903 1432 Apollinis
974 1352 1143 1418 enim
1201 1353 1497 1420 Palatini
1568 1358 1795 1423 aedem
1866 1360 2163 1438 quoniam
2237 1359 2323 1424 sit
2394 1360 2750 1438 relaturuS,
2823 1357 2891 1421 in

577 1457 878 1524 Caesaris
940 1477 1169 1524 nomen
1232 1460 1495 1526 ductum
1551 1462 1635 1527 iri
1691 1481 1951 1529 carmen
1996 1466 2130 1551 (vv.
2185 1471 2357 1531 11—
2383 1465 2509 1551 14).
2585 1463 2631 1529 J
2633 1483 2738 1529 am
2780 1481 2888 1528 vv.

583 1574 863 1632 15-66
907 1572 1246 1648 postquam
1306 1571 1675 1651 Augustum
1733 1571 2067 1652 praesenti
2107 1572 2426 1653 Apollinis
2487 1572 2592 1637 dei
2647 1570 2888 1637 auxilio

574 1676 659 1741 ad
704 1677 967 1743 Actium
1026 1678 1251 1742 hostes
1302 1677 1566 1760 fugasse
1614 1683 1685 1744 et
1726 1679 2044 1746 excidisse
2099 1680 2436 1746 enarravit
2494 1683 2693 1759 atque
2737 1677 2888 1744 hinc

546 1783 901 1868 ,Phoebum
972 1785 1253 1849 traxisse
1326 1791 1744 1852 monumenta
1814 1806 1916 1855 vv.
1980 1794 2059 1853 67
2138 1792 2208 1853 61
2268 1793 2348 1853 68
2416 1787 2885 1868 pronuntiavit,

573 1891 891 1971 versibuS,
939 1891 1048 1970 qui
1090 1896 1350 1958 restant
1392 1893 1477 1959 ad
1521 1895 1827 1963 convivia
1870 1896 2259 1961 adhortatur
2301 1895 2762 1976 comparanda,
2817 1894 2885 1958 in

572 2000 820 2082 quibus,
880 2001 1029 2064 dum
1085 2018 1200 2081 pro
1247 2019 1363 2066 sua
1409 2002 1680 2081 quisque
1726 2001 1970 2085 ingenii
2015 2003 2232 2068 indole
2292 2020 2397 2067 res
2456 2002 2538 2067 ab
2584 2004 2884 2084 Augusto

570 2113 795 2192 gestas
840 2108 1155 2186 celebret,
1216 2128 1286 2176 86
1343 2129 1486 2176 6886
1534 2129 2022 2192 permansurum
2043 2162 2058 2192 ,
2119 2110 2321 2176 donec
2367 2109 2622 2194 injiciat
2665 2109 2885 2176 radios

566 2217 632 2281 in
680 2235 797 2283 sua
832 2216 989 2283 vina
1032 2216 1172 2282 dies
1214 2216 1392 2283 dicit.

775 2344 957 2427 Quae
1031 2344 1245 2426 elegia
1316 2363 1467 2410 num
1541 2346 1684 2426 ipsa
1739 2364 1987 2425 quoque
2049 2345 2395 2411 referenda
2454 2345 2542 2410 sit
2607 2345 2690 2408 ad
2745 2362 2878 2426 eaS,

565 2471 726 2532 quas
770 2471 823 2518 c.
872 2452 951 2534 V,
1004 2458 1035 2516 1
1085 2452 1403 2518 indicavit
1460 2457 1684 2518 noster
1726 2471 1830 2520 vv.
1876 2454 1981 2522 dd.
2027 2455 2438 2520 dissentiunt.
2525 2453 2880 2532 Postquam

565 2560 735 2625 enim
777 2561 1157 2626 Lachmann
1230 2561 1321 2644 (in
1367 2561 1513 2630 adn.
1558 2565 1643 2626 ad
1681 2563 1743 2627 h.
1787 2562 2063 2649 locum),
2138 2563 2257 2627 hoc
2317 2571 2566 2640 quoque
2617 2578 2879 2656 carmen

564 2668 971 2751 Propertium
1022 2667 1291 2734 Dierum
1350 2669 1458 2735 vel
1501 2669 1852 2735 Fastorum
1901 2671 2079 2752 operi
2133 2669 2419 2756 inserere
2463 2668 2746 2735 voluisse
2803 2672 2878 2734 ut

562 2777 1005 2868 suspicaretur
1045 2796 1107 2844 v.
1156 2784 1237 2844 67
1285 2776 1600 2859 imprimis
1619 2827 1634 2858 ,
1690 2777 1916 2843 ultimo
1963 2761 2265 2844 carminis
2308 2783 2384 2842 10
2443 2776 2764 2842 simillimo
2805 2794 2876 2841 se

562 2905 706 2952 6886
778 2886 1131 2952 adductum
1196 2885 1396 2967 dixit,
1466 2885 1839 2969 Hertzberg
1923 2887 2299 2972 (comment.
2359 2905 2420 2966 p.
2479 2884 2645 2970 459)
2704 2884 2874 2949 hanc

558 2993 965 3060 Lachmanni
1022 2994 1463 3077 conjecturam
1520 3012 1822 3076 sagacem
1881 3012 2022 3059 esse
2078 2993 2258 3058 illam
2318 2992 2605 3074 quidem,
2662 3009 2874 3071 neque

559 3108 782 3169 tamen
819 3102 1168 3183 quidquam
1193 3101 1504 3182 impedire
1544 3101 1897 3184 existimat,
1947 3102 2102 3182 quin
2145 3119 2261 3182 pro
2285 3101 2541 3183 integro
2585 3099 2873 3165 carmine

556 3211 879 3277 habeatur
948 3209 1179 3292 elegia.
1292 3209 1433 3292 Quo
1508 3214 1731 3275 autem
1790 3209 2054 3276 consilio
2117 3208 2428 3289 scriptam
2501 3225 2644 3273 esse
2725 3226 2872 3274 eam

555 3319 679 3384 sibi
719 3317 1119 3400 persuaserit
1176 3320 1452 3399 apparet
1498 3335 1580 3382 ex
1625 3317 1926 3400 Quaestt.
1986 3318 2024 3382 l.
2073 3317 2126 3381 I.
2170 3336 2231 3397 p.
2281 3321 2383 3399 28,
2439 3314 2550 3381 ubi
2591 3315 2869 3380 Barthio

554 3426 639 3491 ad
684 3424 1109 3491 celebrandos
1166 3424 1680 3504 quinquennales
1722 3423 2042 3505 Apollinis
2100 3423 2314 3504 ludoS,
2372 3422 2439 3486 in
2497 3422 2869 3488 memoriam

553 3533 870 3601 victoriae
915 3532 1233 3613 Actiacae
1294 3550 1463 3597 anno
1508 3549 1565 3596 a.
1615 3531 1695 3597 U.
1741 3551 1794 3597 c.
1847 3537 1970 3596 '738
2029 3530 2369 3596 institutos
2393 3538 2440 3610 1)
2499 3530 2680 3596 illam
2725 3548 2868 3596 6886

554 3640 973 3722 compositam
1032 3639 1327 3706 censenti
1389 3639 1762 3704 assentitur.
1853 3637 1972 3703 Cui
2029 3638 2397 3704 sententiae
2456 3656 2600 3703 cum
2638 3657 2871 3719 parum

554 3749 901 3815 conveniat
958 3753 1219 3830 poetam
1259 3765 1318 3838 y.
1366 3753 1444 3812 77
1486 3742 1875 3828 Sycambros
1921 3747 2059 3830 jam
2117 3746 2442 3829 subjectos
2483 3765 2866 3828 memorare,

555 3877 713 3938 quos
754 3857 1066 3923 Barthius
1109 3856 1343 3942 (praef.
1388 3854 1773 3940 LXXXVI)
1805 3873 1866 3919 a.
1916 3859 2038 3920 739
2060 3853 2387 3920 obsidibus
2429 3854 2604 3919 datis
2634 3873 2866 3935 pacem

556 3965 883 4047 accepisse
929 3964 1115 4045 dicit,
1178 3964 1347 4029 hanc
1409 3963 1868 4028 difficultatem
1909 3962 2120 4028 Barth
2154 3961 2256 4028 ita
2303 3961 2530 4044 solvit,
2588 3966 2664 4027 ut
2708 3962 2868 4028 Pro-

552 4077 833 4158 pertium
889 4079 1223 4153 tamquam
1287 4075 1507 4138 vatem
1577 4072 1658 4137 de
1727 4090 1799 4137 re
1868 4076 2048 4136 certo
2113 4075 2379 4151 sperata
2449 4074 2519 4136 et
2574 4072 2870 4152 proxime

546 4185 771 4251 futura
814 4199 1048 4249 canere
1090 4179 1379 4263 potuisse
1441 4179 1805 4263 existimet,
1867 4179 2135 4244 Hertzb.
2179 4196 2333 4244 vero
2378 4182 2495 4259 ita,
2541 4185 2618 4243 ut
2661 4179 2769 4264 (Q.
2819 4182 2864 4247 l.

552 4292 642 4374 II,
700 4311 763 4372 p.
822 4291 977 4377 228)
1032 4289 1171 4372 ipso
1225 4287 1436 4353 Dione
1499 4286 1722 4353 Cassio
1788 4290 2055 4352 auctore
2109 4284 2321 4371 (LIV,
2383 4291 2484 4352 20.
2557 4287 2675 4373 21)
2723 4287 2869 4370 jam

767 4503 806 4568 ¹)
842 4500 908 4554 cf.
939 4500 1069 4552 Dio:
1120 4499 1266 4555 Cassi.
1295 4500 1443 4564 LIII,
1484 4501 1529 4555 1.
1564 4498 1685 4552 coll.
1729 4497 1866 4561 LIV,
1907 4497 1986 4550 19.

1082 4815 1263 4938 ,-
