3142 4984
1459 475 1881 534 ,68-

512 637 689 720 (Met.
733 635 915 718 XIV,
982 642 1108 702 650
1152 639 1277 722 sq.)
1324 641 1395 704 ut
1456 640 1728 705 eandem
1782 639 1885 705 dei
1931 641 2259 706 describat
2302 647 2621 722 naturam,
2679 660 2821 707 eum

512 751 580 810 et
623 746 952 812 hortulani
999 752 1067 812 et
1112 745 1339 813 militis
1383 752 1452 812 et
1494 748 1842 830 piscatoris
1881 767 2218 830 personam
2263 769 2448 832 posse
2492 750 2663 816 tueri
2709 751 2821 815 du-

509 855 666 918 obus
710 853 1014 936 deinceps
1056 855 1351 920 versibus
1392 867 1867 922 commemorat.

716 961 916 1028 Vides
973 962 1176 1046 igitur
1230 963 1504 1044 primum
1556 964 1970 1046 sententiam,
2025 983 2217 1046 quam
2275 965 2572 1047 concepit
2610 964 2820 1030 Lach-

508 1089 701 1136 mann
744 1072 822 1136 ‹le
863 1072 986 1136 hac
1028 1072 1107 1136 el.
1154 1077 1191 1136 2
1237 1075 1427 1153 parte
1460 1090 1603 1138 esse
1643 1071 1898 1153 falsam,
1939 1073 2170 1140 deinde
2206 1072 2368 1139 nihil
2399 1091 2598 1157 agere
2621 1073 2821 1139 Luet-

478 1193 483 1200 ·
500 1179 869 1261 Johannem,
916 1178 1026 1259 qui
1070 1179 1137 1243 in
1182 1179 1305 1246 hac
1345 1178 1649 1246 carminis
1691 1186 1901 1264 parte,
1961 1200 2087 1263 qua
2139 1182 2316 1247 nullo
2369 1180 2506 1247 fere
2551 1181 2814 1247 consilio

507 1286 782 1369 singulis
842 1286 1140 1353 distichis
1194 1287 1594 1370 singularum
1652 1288 2000 1355 formarum
2055 1290 2350 1372 exempla
2406 1309 2447 1356 a
2504 1294 2698 1371 poeta
2741 1291 2820 1354 de

504 1395 828 1461 industria
888 1412 1031 1460 esse
1087 1395 1341 1461 inclusa
1394 1395 1724 1479 evicimus,
1785 1397 2188 1478 aequabilem
2235 1399 2629 1481 singulorum
2678 1416 2819 1463 ver-

507 1522 691 1570 suum
728 1503 1218 1570 collocationem
1258 1504 1705 1570 demonstrare
1749 1507 1989 1571 studet.

711 1610 863 1676 Jam
906 1611 1397 1693 progrediamur
1438 1612 1524 1678 ad
1567 1630 1673 1678 vv.
1719 1618 1866 1678 41-
1890 1617 1998 1696 46,
2044 1631 2206 1694 quos
2239 1614 2375 1698 Jam
2419 1612 2819 1678 Schraderus

509 1718 669 1799 1000,
713 1736 837 1798 quo
879 1719 947 1784 in
992 1719 1320 1785 codicibus
1361 1719 1674 1801 leguntur
1694 1721 2116 1788 removendos
2148 1725 2217 1786 et
2248 1724 2395 1803 post
2424 1739 2483 1787 v.
2523 1726 2601 1786 18
2625 1721 2817 1786 collo·
2917 1792 2922 1800 ,

512 1828 751 1893 candos
808 1845 949 1893 esse
1007 1827 1265 1893 statuit.
1356 1827 1484 1894 Sed
1542 1847 1626 1894 ne
1687 1829 1808 1894 hoc
1865 1828 2121 1908 quidem
2177 1829 2316 1895 loco
2380 1827 2620 1910 optime
2677 1847 2818 1892 cum

512 1935 749 2000 ceteris
795 1936 1144 2000 cohaerere
1206 1935 1324 2000 hos
1379 1954 1608 2002 versus
1663 1941 2004 2018 postquam
2047 1936 2424 2004 Lachmann
2464 1937 2532 2002 in
2578 1938 2676 2003 ed.
2721 1955 2816 2018 pr.

508 2043 873 2126 adnotavit,
927 2043 1343 2127 Luetjohann
1388 2044 1430 2109 l.
1478 2045 1520 2108 1.
1560 2064 1619 2124 p.
1667 2050 1750 2110 34
1788 2049 1937 2128 post
1978 2064 2039 2112 v.
2091 2052 2170 2110 12
2211 2046 2358 2111 illos
2407 2063 2552 2110 esse
2608 2050 2816 2110 retra-

509 2152 754 2218 hendos
796 2153 1071 2233 probare
1117 2151 1383 2220 studuit.
1471 2152 1768 2235 Intelligi
1825 2154 1992 2219 enim
2051 2171 2179 2218 non
2233 2171 2421 2235 posse
2465 2153 2816 2235 existimat,

510 2279 624 2324 cur
667 2260 771 2326 hic
819 2260 1149 2326 hortorum
1196 2261 1513 2326 cultorum
1558 2260 1903 2328 maximam
1957 2261 2081 2328 sibi
2122 2279 2264 2328 esse
2315 2262 2630 2345 „famam“
2679 2263 2815 2345 glo-

512 2370 719 2436 rietur
761 2367 1179 2449 VertumnuS,
1228 2368 1462 2451 quippe
1508 2370 1618 2449 qui
1661 2369 1813 2450 quid
1854 2369 2030 2436 fama
2072 2371 2153 2436 de
2196 2388 2268 2436 se
2313 2370 2643 2452 statuerit,
2682 2371 2842 2462 jam¹

510 2495 611 2544 vv.
664 2483 913 2544 11-20
948 2473 1335 2560 exposuerit.
1402 2477 1658 2543 Deinde
1699 2496 1842 2544 cum
1884 2477 2122 2545 ceteris
2162 2479 2350 2544 huius
2391 2479 2653 2564 generis
2692 2479 2815 2545 dis-

507 2585 701 2650 tichis
745 2591 877 2664 (vv.
936 2591 1015 2652 23
1078 2593 1245 2667 sqq.)
1302 2585 1689 2670 documenta
1748 2603 1875 2650 non
1929 2586 2152 2668 addat,
2207 2586 2464 2666 quaerit
2518 2605 2633 2652 cur
2671 2587 2818 2652 huic

506 2693 879 2778 adjunxerit
927 2696 1126 2772 atque
1187 2710 1302 2758 cur
1353 2711 1451 2774 ea,
1520 2693 1599 2758 de
1652 2691 1882 2772 quibus
1928 2693 2066 2778 jam
2123 2712 2228 2760 vv.
2297 2700 2366 2759 ll
2422 2712 2559 2773 sqq.
2609 2693 2814 2758 verba

509 2800 791 2868 fecerit?
850 2799 1068 2882 Quare
1110 2818 1254 2866 cum
1288 2819 1392 2867 vv.
1444 2805 1521 2865 13
1568 2819 1705 2881 sqq.
1743 2801 1825 2866 de
1853 2800 2031 2867 fama
2055 2800 2380 2866 hominum
2415 2801 2547 2868 sint
2570 2801 2815 2884 scripti,

512 2916 668 2975 ante
714 2911 830 2975 hos
875 2928 1057 2975 suam
1102 2909 1319 2974 sedem
1368 2908 1517 2975 olim
1560 2909 1865 2975 habuisse
1904 2909 2054 2975 illos
2094 2928 2430 2992 apparere.

712 3016 865 3081 Jam
916 3035 1021 3082 vv.
1081 3019 1160 3081 41
1222 3035 1358 3097 sqq.
1404 3016 1461 3081 si
1500 3016 1752 3082 omnino
1798 3016 1928 3082 alio
1973 3018 2113 3083 loco
2158 3017 2308 3082 olim
2361 3016 2557 3099 positi
2604 3019 2816 3096 erant,

512 3143 595 3189 ne
636 3123 751 3206 illi,
798 3143 988 3204 quem
1029 3123 1110 3190 iis
1149 3125 1448 3208 assignat
1471 3124 1734 3208 Luetjh.
1781 3123 2236 3206 attribuamus,
2283 3123 2488 3190 totius
2530 3122 2657 3188 loci
2689 3124 2817 3209 (vv.

517 3238 797 3312 11—18)
857 3232 1028 3297 ratio
1084 3236 1153 3298 et
1208 3231 1417 3313 prima
1473 3251 1534 3299 v.
1594 3235 1674 3298 41
1739 3233 1977 3300 verba:
2037 3231 2228 3315 „quid
2281 3251 2402 3316 ego
2449 3231 2812 3317 adjiciam,“

510 3358 677 3420 quae
704 3343 925 3404 notam
954 3338 1442 3421 praeteritionis
1475 3338 1818 3405 formulam
1849 3339 2176 3422 exhibent,
2214 3339 2594 3421 impediunt.
2653 3339 2819 3404 Nam

507 3452 704 3530 poeta
756 3465 899 3514 cum
948 3463 1051 3513 vv.
1104 3453 1174 3512 11
1224 3451 1295 3512 et
1338 3455 1415 3514 12
1452 3448 1732 3513 alteram
1776 3447 2049 3513 nominis
2103 3447 2598 3529 explicationem
2643 3450 2815 3511 attu-

509 3555 663 3622 lerit
717 3559 787 3620 et
834 3554 1149 3638 versibus,
1207 3555 1316 3635 qui
1370 3560 1729 3636 sequuntur
1769 3556 1855 3621 ad
1899 3555 2357 3623 illustrandum
2404 3554 2586 3635 illud,
2649 3555 2818 3635 quod

510 3664 696 3730 modo
726 3663 913 3745 dixit,
953 3663 1249 3744 exempla
1290 3662 1618 3729 fructuum
1653 3663 1721 3729 in
1755 3681 1940 3730 suum
1983 3665 2287 3730 honorem
2325 3666 2818 3745 praeceptorum

512 3771 826 3855 proferat,
870 3772 1038 3837 hunc
1084 3771 1521 3852 exemplorum
1563 3790 1899 3838 numerum
1942 3773 2040 3838 ita
2082 3771 2368 3854 incipere
2412 3791 2535 3838 non
2584 3770 2816 3853 potuit,

511 3884 585 3945 ut
628 3879 907 3946 diceret:
974 3897 1162 3961 „nam
1220 3879 1371 3959 quid
1436 3897 1557 3962 ego
1605 3880 1968 3964 adjiciam,“
2019 3880 2248 3962 quibus
2291 3879 2508 3948 verbis
2551 3878 2650 3945 uti
2691 3897 2820 3945 non

511 3988 745 4071 potuit,
790 3987 916 4054 nisi
956 3992 1031 4053 ut
1074 3987 1384 4070 exemplis
1421 3988 1690 4072 jamjam
1735 3989 1960 4056 allatis
2004 3990 2136 4058 alia
2180 4008 2250 4055 se
2297 3989 2555 4070 addere,
2601 4007 2820 4070 quam-

508 4115 700 4179 quam
743 4097 983 4162 addere
1030 4115 1108 4162 ea
1150 4105 1702 4178 supervacaneum
1741 4103 1937 4181 esset,
1985 4098 2404 4182 significaret.
2497 4096 2715 4179 Quare
2759 4095 2815 4162 si

509 4208 657 4287 post
710 4223 769 4270 v.
822 4210 921 4286 12,
981 4222 1104 4285 quo
1161 4205 1442 4270 alteram
1492 4205 1769 4271 nominis
1816 4204 2313 4287 explicationem
2355 4204 2649 4287 protulit,
2695 4204 2820 4270 hac

511 4311 996 4396 praeteritionis
1040 4311 1319 4378 formula
1354 4311 1563 4377 utitur
1607 4318 1820 4396 poeta,
1867 4333 2101 4382 novam
2142 4332 2412 4395 eamque
2441 4317 2664 4382 notam
2708 4331 2818 4378 no-

510 4420 701 4488 minis
744 4418 1240 4502 explicationem
1275 4439 1418 4487 eum
1461 4420 1698 4487 afferre
1739 4440 2005 4489 necesse
2047 4427 2163 4491 est.
2237 4422 2366 4489 Sed
2408 4441 2514 4490 VV.
2559 4423 2816 4487 412-48

508 4533 659 4610 post
698 4546 758 4594 v.
814 4535 890 4594 12
936 4528 1349 4609 transpositis
1374 4533 1449 4594 ut
1488 4548 1742 4612 novam,
1783 4549 1898 4596 cur
1918 4532 2315 4597 Vertumnus
2337 4530 2419 4597 sit
2447 4530 2818 4614 appellatus
