3142 4984
1266 483 1692 546 ...53-

322 650 669 733 potuimus,
716 650 947 715 deinde
969 668 1414 730 quamcunque
1438 650 1756 716 rationem
1777 649 1952 714 inter
1971 650 2250 716 alteram
2288 652 2488 729 atque
2508 649 2634 730 pri·

322 779 497 826 orem
520 763 773 840 partem
803 761 1180 824 statuerunt
1208 777 1314 825 vv.
1343 759 1470 840 dd„
1502 777 1788 824 summae
1811 757 2135 824 exsistunt
2154 757 2633 839 discrepantiae

322 888 471 934 cum
494 868 593 949 iis,
634 886 799 947 quae
824 868 903 933 de
930 867 1036 934 ell.
1061 867 1139 947 V,
1188 871 1481 949 1,1-·-70.
1514 873 1574 934 2.
1609 871 1668 934 4.
1716 872 1775 933 6.·
1816 869 1886 932 9.·
1927 871 2004 932 10
2030 865 2457 949 exposuimuS,
2490 866 2638 950 jure

324 976 711 1043 concludere
756 975 910 1040 mihi
950 975 1201 1052 videor,
1251 993 1356 1042 vv.
1403 974 1482 1057 V,
1535 980 1675 1057 1,'71
1698 1014 1777 1024 —
1805 979 1926 1040 150
1969 974 2294 1056 proprium
2337 993 2380 1040 a
2420 974 2634 1056 priore

322 1089 517 1166 parte
561 1085 755 1166 plane
800 1085 1275 1167 segregandum
1320 1082 1624 1149 exhibere
1674 1100 1954 1164 carmen,
1999 1083 2166 1163 quod
2206 1101 2330 1164 quo
2369 1083 2636 1150 consilio

324 1191 638 1274 scriptum
682 1191 787 1268 sit,
828 1191 964 1274 Jam
1011 1192 1484 1257 demonstrabo.

533 1302 752 1380 Atque
774 1300 1046 1381 primum
1080 1300 1337 1379 quidem
1370 1316 1753 1379 quamquam
1777 1302 2027 1380 certum
2046 1297 2357 1378 temporis
2386 1297 2640 1380 signum

322 1407 389 1471 in
451 1407 604 1489 hoc,
665 1407 745 1472 de
805 1426 927 1487 quo
977 1407 1232 1490 agimus
1294 1405 1579 1472 carmine
1623 1423 1751 1470 non
1809 1405 2016 1486 inest,
2082 1409 2301 1470 tamen
2353 1424 2435 1471 ex
2490 1408 2635 1471 tota

324 1515 700 1597 argumenti
755 1519 1009 1582 ratione
1056 1514 1336 1580 dilucide
1374 1518 1680 1596 apparet,
1727 1513 2038 1595 scriptum
2097 1533 2238 1581 esse
2276 1513 2439 1580 illud
2479 1513 2640 1596 item

324 1639 409 1687 ac
452 1621 730 1703 plurima
752 1622 941 1688 huius
985 1621 1135 1687 libri
1158 1622 1446 1687 carmina
1480 1626 1629 1703 post
1649 1621 1972 1704 Cynthiae
2015 1639 2315 1687 amorem.
2375 1621 2644 1687 Etenim

324 1748 427 1811 ea,
475 1748 641 1809 quae
688 1731 1075 1810 horoscopus
1113 1730 1195 1795 de
1238 1749 1456 1796 amore
1487 1729 1814 1812 Propertii
1846 1729 2267 1811 vaticinatur,
2313 1734 2453 1796 tum
2496 1748 2641 1796 esse

324 1838 603 1921 scripta,
656 1857 799 1905 cum
845 1839 1128 1922 Cynthia
1175 1840 1313 1923 jam
1354 1840 1555 1904 talem
1599 1857 1670 1905 se
1713 1839 2108 1920 praebuerat
2127 1888 2143 1921 ,
2203 1839 2460 1918 qualem
2503 1838 2644 1904 fore
2735 1834 2743 1839 ’

326 1966 474 2012 eam
520 1946 886 2012 Chaldeaus
930 1945 1333 2013 vaticinatur
1374 1947 1483 2015 vel
1522 1946 1743 2028 potius
1778 1944 2129 2013 vaticinari
2173 1945 2460 2028 fingitur,
2499 1949 2638 2011 tam

324 2059 642 2120 accurata
668 2054 1015 2136 descriptio
1037 2055 1271 2121 amoris
1294 2059 1363 2120 et
1380 2055 1685 2138 dolorum,
1710 2072 1869 2136 quos
1889 2073 1929 2119 a
1956 2053 2242 2136 Cynthia
2257 2052 2636 2135 repudiatus

327 2161 709 2243 Propertius
752 2161 1027 2242 pertulit
1068 2163 1272 2228 docet.
1321 2162 1481 2245 Quis
1525 2162 1696 2228 enim
1730 2166 1938 2244 putet,
1983 2161 2395 2242 Propertium
2424 2163 2641 2227 horos-

330 2269 476 2349 copi
520 2269 775 2334 nomine
809 2269 1100 2336 velatum
1140 2289 1373 2337 revera
1403 2270 1782 2354 praesagire
1827 2268 2094 2334 futura?
2159 2268 2418 2336 Futura
2461 2268 2646 2348 quasi

330 2397 415 2443 ex
454 2377 830 2460 praeteritis
874 2379 1227 2462 praedicit,
1286 2379 1511 2459 itaque
1555 2397 1816 2445 carmen
1879 2396 1953 2443 eo
1998 2383 2288 2461 tempore
2332 2377 2643 2459 scriptum

330 2492 466 2569 est,
509 2505 633 2566 quo
680 2505 786 2552 res
830 2487 899 2552 in
944 2505 1021 2552 eo
1065 2492 1375 2552 narratae
1426 2488 1560 2571 jam
1607 2491 1799 2553 actae
1845 2490 2035 2552 erant
2077 2486 2116 2550 i.
2165 2505 2220 2551 e.
2263 2486 2446 2552 finito
2487 2505 2646 2568 erga

331 2595 685 2677 Cynthiam
742 2614 974 2662 amore.
1062 2594 1109 2660 J
1109 2615 1212 2662 am
1270 2614 1411 2662 cum
1466 2595 1689 2678 primis
1739 2595 1928 2660 huius
1984 2593 2288 2660 carminis
2349 2594 2642 2660 versibus

329 2708 553 2784 vates,
613 2704 795 2787 cujus
830 2707 1057 2785 partes
1098 2704 1509 2787 Propertium
1546 2723 1748 2786 agere
1784 2721 1971 2769 nemo
2014 2703 2316 2785 negabit,
2376 2707 2637 2784 poetam

330 2830 416 2877 ne
456 2831 535 2878 ea
562 2811 909 2894 suscipiat,
958 2830 1124 2892 quae
1167 2812 1467 2892 quoniam
1507 2832 1548 2877 a
1591 2812 1690 2878 dis
1729 2811 1790 2877 ei
1832 2811 1966 2877 sint
2004 2815 2269 2894 negata,
2306 2811 2454 2893 lyra
2493 2809 2638 2892 ipsa

330 2920 707 2986 refutatura
752 2921 859 3002 sit,
906 2921 1285 3003 admoneat,
1342 2938 1566 2986 verum
1625 2919 2030 3001 perspexisse
2085 2918 2243 2984 mihi
2294 2917 2540 3000 videor,
2589 2918 2645 2984 si

333 3027 740 3109 Propertium
761 3077 777 3110 ‚
840 3047 1028 3108 quem
1075 3028 1359 3112 Cynthia
1405 3027 1642 3093 relicta
1695 3027 1914 3109 poesin
1957 3045 2207 3106 quoque
2259 3026 2645 3093 amatoriam

329 3136 571 3201 valere.
592 3135 865 3219 jussisse
920 3141 1121 3216 atque
1176 3137 1260 3203 ad
1317 3142 1709 3219 argumenta
1766 3135 2072 3218 graviora
2133 3153 2204 3200 se
2244 3135 2645 3203 convertisse

332 3247 404 3307 et
445 3243 595 3308 libri
633 3242 729 3308 IV
771 3243 1126 3327 elegiarum
1170 3244 1576 3326 argumentis
1635 3249 1704 3309 et
1749 3246 1828 3310 el.
1881 3242 2006 3325 III,
2058 3248 2089 3307 1
2131 3243 2349 3309 doceri
2388 3244 2645 3310 demon-

331 3351 715 3433 stravimUS,
776 3353 897 3417 hoc
942 3370 1201 3418 carmen
1248 3351 1678 3434 composuisse
1739 3370 1818 3416 ea
1861 3355 2257 3432 tempestate
2297 3351 2643 3435 'contend0,

290 3541 313 3560 0
333 3477 479 3525 cum
524 3459 789 3526 consilio
832 3455 1025 3543 οἷὶτια,
1071 3466 1147 3526 ut
1169 3461 1266 3526 ita
1302 3461 1533 3543 dicam,
1579 3461 1873 3525 Romana
1894 3459 2222 3542 pangendi
2256 3464 2449 3541 capto
2487 3479 2648 3542 opus

330 3566 543 3648 ipsum
605 3571 751 3632 erat
824 3567 1261 3634 inchoaturus
1362 3568 1678 3634 Nimirum
1726 3566 2133 3650 Propertius,
2205 3585 2394 3647 quem
2457 3567 2555 3634 ita
2606 3588 2648 3634 a

335 3678 577 3739 natura
636 3693 707 3740 se
762 3693 903 3740 esse
959 3681 1344 3759 generatum
1365 3728 1381 3759 ,
1460 3683 1536 3742 ut
1605 3681 1859 3743 amaret
1932 3675 2425 3757 amantibusque
2483 3694 2648 3755 quae

333 3785 674 3866 placerent
698 3789 985 3868 caneret,
1027 3804 1405 3866 persuasum
1442 3785 1747 3852 habuisse
1781 3803 2002 3851 omnes
2043 3785 2324 3866 priorum
2342 3784 2649 3851 librorum

336 3891 590 3975 elegiae
650 3893 973 3975 clamant,
1032 3894 1116 3959 ad
1173 3895 1341 3960 hanc
1404 3895 1584 3962 vitae
1643 3893 2082 3961 condicionem
2131 3892 2268 3979 Jam
2322 3897 2532 3959 totum
2577 3913 2649 3964 se

335 4001 944 4067 accommodaverat
959 4019 1229 4081 eamque
1250 4006 1387 4068 tam
1412 4021 1608 4085 saepe
1625 4001 1952 4085 professus
1978 4005 2143 4084 erat,
2166 4020 2308 4068 cum
2324 4001 2648 4085 Cynthiae

336 4107 631 4187 nequitia
690 4111 887 4188 atque
942 4110 1276 4190 pravitate
1330 4111 1414 4176 ad
1470 4110 1728 4175 irritum
1778 4110 1896 4176 illa
1957 4107 2150 4176 cadit.
2237 4109 2456 4190 Atque
2523 4110 2648 4175 hac

335 4215 480 4298 ipsa
504 4215 685 4282 vitae
706 4221 1121 4298 tempestate,
1144 4236 1272 4299 qua
1296 4237 1337 4283 a
1354 4237 1423 4284 se
1444 4217 1583 4300 ipso
1608 4218 1946 4300 dissidenS,
1980 4235 2266 4283 amorum
2282 4216 2646 4284 acerbitate

337 4330 605 4393 coactus
661 4345 805 4392 eam
859 4327 1041 4394 vitae
1100 4327 1273 4394 viam
1318 4329 1529 4394 adhuc
1587 4327 1776 4393 unice
1818 4314 2327 4407 frequentatam,
2382 4324 2488 4390 cui
2528 4327 2649 4392 soli

338 4452 410 4502 se
452 4437 682 4500 natum
702 4429 705 4436 ’
723 4451 865 4500 6556
907 4435 1205 4518 putabat,
1253 4440 1399 4501 erat
1441 4434 1810 4518 relicturuS,
1847 4438 1923 4499 ut
1961 4431 2045 4497 ad
2091 4430 2435 4500 severioris
2465 4432 2648 4500 vitae

339 4540 777 4610 condicionem
820 4561 891 4609 56
918 4542 1302 4628 applicaret,
1348 4543 1541 4626 fingit
1583 4548 1778 4625 poeta
1801 4581 1882 4593 -
1907 4539 2068 4608 nihil
2102 4538 2271 4605 enim
2301 4538 2428 4605 nisi
2467 4540 2648 4608 lusus

2289 4661 2324 4714 4
