3142 4984
1511 471 1935 533 ...10-

557 651 680 702 one
723 636 791 702 in
834 637 1007 704 hunc
1052 638 1309 704 modum
1357 639 1623 721 exponit
1666 643 1879 722 poeta,
1944 644 2018 706 ut
2073 639 2159 705 ad
2216 639 2587 706 condendas
2614 638 2878 729 ‚elegias

563 745 920 812 amatorias
957 747 1161 813 solum
1203 765 1274 813 se
1318 748 1791 816 animovalere
1822 748 2003 832 dicit,
2050 747 2352 830 quoniam
2391 751 2459 814 et
2509 766 2707 830 amor,
2754 762 2877 828 quo

565 855 907 936 amplexus
944 854 1032 920 sit
1069 856 1372 939 puellam,
1419 876 1460 923 a
1505 856 1914 923 celebrandis
1942 857 2199 939 patriae
2242 857 2437 922 rebus
2475 855 2683 938 ipsum
2726 873 2878 923 avo-

559 967 686 1047 cet,
743 966 815 1029 et
851 980 934 1029 ne
968 963 1215 1030 maiora
1261 964 1384 1032 sibi
1415 965 1711 1039 canenda
1757 969 1971 1032 sumat
1988 1015 2004 1048 ,
2049 964 2376 1032 inferioris
2416 964 2665 1049 ingenii
2705 963 2881 1031 vires

557 1071 936 1154 impediant.

765 1180 1014 1246 Harum
1051 1179 1406 1264 elegiarum
1453 1180 1647 1247 simili
1690 1180 1759 1247 in
1803 1183 2187 1264 argumento
2222 1185 2571 1248 versantur
2616 1181 2723 1248 ell.
2762 1180 2878 1263 IV,

561 1294 600 1356 2
645 1292 718 1354 et
762 1296 822 1356 8.
867 1289 1092 1356 eodem
1139 1290 1405 1356 consilio
1453 1291 1758 1372 scriptae.
1847 1290 2016 1356 Nam
2057 1289 2126 1355 in
2168 1290 2248 1356 el.
2294 1288 2410 1372 IV,
2461 1297 2499 1357 2
2544 1295 2759 1372 poeta,
2810 1309 2881 1355 se

559 1397 629 1463 in
669 1396 987 1463 Helicone
1033 1398 1462 1464 somniantem
1500 1400 1585 1464 ad
1633 1417 1743 1465 eos
1776 1396 1995 1464 fontes
2020 1398 2394 1482 accessisse,
2438 1400 2607 1465 unde
2629 1399 2881 1466 Ennius

560 1509 753 1588 pater
800 1496 1133 1587 'quondam
1192 1506 1538 1588 hausisset,
1598 1506 1810 1590 fingit,
1874 1507 1988 1572 sed
2044 1510 2421 1572 revocatum
2482 1525 2552 1572 se
2608 1523 2751 1572 esse
2796 1507 2878 1572 ab

561 1613 867 1696 Apolline
910 1613 1067 1696 ips0,
1110 1614 1221 1694 qui
1255 1615 1324 1680 in
1371 1615 1656 1680 carmine
1702 1613 1977 1680 amatrio
2023 1614 2159 1679 solo
2200 1614 2461 1680 laudem
2506 1618 2575 1680 et
2606 1615 2880 1698 gloriam

563 1721 691 1804 ipsi
736 1739 880 1788 esse
924 1722 1312 1804 sperandam
1365 1721 1879 1805 pronuntiasset.
1964 1720 2261 1801 Denique
2317 1741 2359 1787 a
2403 1721 2711 1804 Calliopa-
2737 1722 2881 1804 ipsa

563 1831 640 1895 ut
672 1827 923 1912 elegias
943 1834 1266 1911 pangeret
1285 1829 1643 1895 amatorias
1676 1847 1746 1895 se
1778 1846 1922 1893 esse
1947 1828 2364 1894 admonitum.
2424 1828 2505 1894 In
2544 1831 2625 1895 el.
2662 1835 2883 1896 autem

564 1943 606 2003 8
662 1937 904 2003 iterum
959 1941 1159 2017 atque
1215 1936 1453 2003 iterum
1515 1957 1557 2002 a
1614 1936 2001 2002 Maecenate
2060 1936 2447 2020 admonitus,
2509 1941 2585 2003 ut
2637 1939 2883 2004 maiora

565 2044 691 2112 sibi
734 2030 1126 2110 celebranda
1171 2048 1474 2127 sumeret,
1522 2063 1593 2110 se
1638 2063 1800 2110 onus
1838 2063 2184 2126 numquam
2230 2063 2373 2111 esse
2416 2050 2881 2129 suscepturum,

565 2153 673 2220 cui
718 2152 895 2220 vires
941 2171 1099 2218 suae
1139 2153 1273 2218 sint
1313 2153 1597 2236 impares
1639 2157 1996 2220 asseverat.
2086 2151 2170 2219 Se
2219 2153 2436 2234 potius
2479 2153 2886 2220 Maecenatis

571 2261 775 2352 ipsius
819 2262 1184 2342 exemplum
1229 2261 1429 2344 sequi,
1477 2262 1588 2342 qui
1628 2262 1923 2342 quamvis
1949 2261 2252 2328 Caesaris
2275 2260 2566 2328 amicitia
2609 2280 2887 2328 summos

570 2371 968 2454 reipublicae
1011 2369 1290 2436 honores
1332 2369 1735 2453 adipiscendi
1777 2370 2066 2437 facultas
2111 2371 2172 2436 ei
2215 2369 2303 2437 sit
2345 2371 2535 2454 data,
2579 2375 2799 2438 tamen
2845 2391 2886 2437 a

569 2481 750 2550 vitae
804 2479 1088 2546 tumultu
1146 2483 1434 2545 remotus
1487 2479 1691 2546 otium
1746 2485 1961 2546 tutum
2019 2483 2315 2562 quaerat,
2376 2479 2677 2546 Caesaris
2730 2480 2886 2546 ami-

577 2587 801 2656 citiam
845 2586 1011 2654 satis
1036 2605 1337 2670 magnam
1360 2585 1485 2652 sibi
1505 2587 1779 2670 gloriam
1817 2592 2021 2654 ratus,
2086 2588 2280 2655 Hunc
2313 2587 2519 2670 igitur
2564 2588 2662 2653 ita
2706 2589 2888 2668 sequi

577 2715 648 2764 se
695 2697 890 2779 velle,
939 2699 1015 2761 ut
1057 2695 1290 2762 relicto
1335 2695 1679 2778 magnifico
1706 2696 1819 2761 illo
1852 2706 1921 2761 et
1960 2695 2239 2779 glorioso
2271 2695 2595 2762 scribendi
2624 2713 2886 2778 genere,

575 2823 618 2872 a
659 2803 878 2887 pueris
936 2804 1298 2887 puellisque
1352 2803 1661 2869 laudetur
1705 2803 2093 2886 amantibuS,
2155 2805 2275 2870 hoc
2317 2821 2443 2869 uno
2490 2807 2887 2886 contentum,

573 2913 742 2994 quod
781 2931 824 2978 a
865 2911 1271 2978 Maecenatis
1312 2911 1611 2994 partibus
1658 2913 1923 2978 stetisse
1970 2912 2290 2993 quondam
2337 2911 2609 2981 dicatur.

777 3019 974 3085 Mitto
1013 3019 1302 3103 singulos
1336 3038 1584 3103 versuS,
1632 3021 1863 3101 quibus
1892 3021 2122 3104 elegiis
2160 3019 2496 3086 amatoriis
2525 3019 2712 3085 unice
2748 3034 2890 3084 sese

576 3145 720 3195 esse
764 3129 1068 3195 daturum
1099 3132 1298 3210 poeta
1339 3129 1754 3210 pronuntiat3
1802 3129 2031 3212 elegiis
2058 3130 2243 3195 modo
2278 3128 2504 3194 allatis
2538 3126 2891 3193 carminum

582 3254 842 3302 suorum
899 3239 1204 3302 naturam
1261 3240 1330 3302 et
1386 3236 1670 3303 indolem
1714 3237 2026 3304 describit
2067 3235 2286 3303 verbis
2336 3239 2474 3300 tam
2515 3217 2892 3317 perspicuiS,

585 3349 660 3409 ut
702 3342 829 3409 nisi
872 3343 1162 3409 carmina
1206 3344 1526 3410 amatoria
1583 3345 1766 3412 nulla
1820 3344 1889 3410 in
1934 3345 2075 3428 ejus
2117 3342 2547 3410 voluminibus
2591 3360 2706 3407 nos
2750 3359 2895 3408 esse

583 3450 968 3519 inventuros
1009 3455 1330 3536 putemuS,
1377 3470 1520 3518 cum
1561 3452 1948 3534 praesertim
1990 3452 2075 3516 ad
2112 3450 2292 3516 aliud
2332 3448 2545 3530 poesis
2580 3466 2788 3531 genus
2824 3465 2895 3513 se

580 3577 702 3626 nec
747 3563 972 3626 natum
1033 3577 1177 3626 esse
1233 3579 1356 3626 nec
1409 3560 1585 3628 vires
1636 3578 1788 3626 suas
1838 3558 2141 3625 sufficere
2194 3555 2600 3638 profiteatur.
2691 3555 2786 3621 Et
2824 3574 2895 3620 re

584 3685 744 3738 vera
773 3667 843 3734 in
885 3671 1165 3748 quatuor
1203 3666 1524 3751 prioribus
1547 3667 1874 3750 Propertii
1914 3666 2101 3733 libris
2140 3669 2529 3749 argumenta
2572 3683 2701 3730 non
2722 3681 2895 3730 ama-

583 3777 756 3844 toria
801 3775 1112 3843 exhibent
1155 3775 1444 3843 carmina
1486 3778 1679 3843 haec:
1739 3776 1793 3858 I,
1843 3782 1945 3843 21.
1994 3781 2097 3842 22.
2142 3773 2268 3858 III,
2318 3780 2372 3838 1.
2421 3780 2521 3841 29.
2567 3771 2683 3856 IV,
2730 3777 2791 3838 4.
2836 3777 2895 3839 6.

587 3889 686 3952 1¹7.
733 3890 853 3966 22;
910 3886 1190 3951 omnium
1229 3888 1451 3952 autem
1508 3884 1903 3964 reliquorum
1960 3883 2315 3950 carminum
2372 3884 2761 3965 argumenta
2812 3881 2898 3946 ad

583 4011 837 4061 amores
897 3997 1218 4076 spectare,
1279 3993 1506 4059 mirum
1567 4011 1711 4059 esse
1770 4011 1898 4059 non
1948 4011 2138 4074 posse
2184 3991 2517 4073 concedes,
2562 3990 2622 4055 si
2663 3993 2901 4072 poetae

582 4103 791 4172 vitam
833 4105 1043 4169 totam
1088 4101 1339 4170 versan'
1382 4103 1450 4169 in
1494 4101 1820 4168 amoribus
1863 4091 2396 4167 consideraveris.
2484 4099 2653 4166 Nam
2693 4098 2899 4180 primo

587 4212 816 4280 statim
887 4210 1370 4277 adolescentiae
1435 4229 1607 4276 anno
1675 4213 2025 4292 praetexta
2089 4209 2201 4276 vix
2266 4207 2481 4291 posita
2538 4206 2902 4291 Lycinnam

587 4321 911 4403 quandam
933 4316 1304 4402 adamabat,
1327 4317 1593 4385 futurae
1619 4318 1821 4400 ipsius
1850 4317 2148 4384 donimae
2171 4334 2446 4398 servam,
2475 4335 2603 4396 qua
2625 4313 2903 4380 Veneris

589 4430 793 4496 sacris
834 4447 907 4496 se
967 4444 1110 4494 esse
1168 4427 1501 4493 initiatum
1553 4426 1717 4492 dicit
1758 4425 1903 4513 (IV,
1950 4431 2032 4491 14
2076 4428 2262 4507 sqq.).
2330 4424 2526 4490 Hand
2570 4424 2668 4490 ita
2696 4425 2901 4489 multo

589 4541 737 4625 post
779 4535 846 4602 in
890 4534 1112 4604 durius
1159 4533 1484 4620 Cynthiae
1540 4534 1878 4603 servitium
1938 4538 2043 4600 est
2082 4525 2404 4615 delapsus,
2459 4551 2651 4613 quam
2696 4532 2897 4597 solam
