3142 4984
1190 449 1271 460 -
1362 395 1614 476 21⁴-

252 581 450 647 exitio
496 601 635 646 esse
691 582 947 648 futuras
1002 583 1069 647 in
1120 581 1424 648 carminis
1468 581 1598 648 fine
1641 579 2059 646 vaticinatur.
2149 579 2448 660 Denique
2489 578 2556 645 in

251 690 330 754 el.
384 694 461 756 13
506 696 701 771 poeta
744 679 1009 771 opponit
1050 709 1257 756 mores
1282 691 1642 772 Spartanos
1662 688 1991 773 RomaniS,
2035 707 2110 756 eo
2145 707 2374 769 nempe
2411 706 2558 754 con-

252 798 414 881 silio,
460 804 534 862 ut
570 799 898 879 descripta
933 799 1267 879 utriusque
1298 798 1556 882 generis
1576 797 2044 879 Spartanorum
2079 797 2342 862 assidua
2385 796 2559 862 inter

252 924 321 970 se
368 906 831 971 consuetudine
877 906 1090 988 posita
1148 906 1265 971 illa
1306 906 1375 971 in
1418 911 1660 970 morum
1704 905 2113 988 integritate,
2165 903 2557 987 innocentia,

249 1011 395 1096 fide,
458 1013 852 1094 pravitatem
920 1014 1400 1095 nequitiamque
1468 1013 1805 1078 mulierum
1868 1013 2303 1078 Romanarum
2371 1031 2592 1100 quam¹

254 1120 768 1188 luculentissime
792 1123 1102 1189 illustret.
1134 1161 1215 1171 -
1248 1122 1390 1187 Hoc
1421 1121 1706 1203 consilio,
1753 1121 1920 1201 quod
1946 1125 2126 1186 recte
2155 1121 2562 1203 perspexisse

255 1228 412 1294 mihi
454 1229 697 1312 videor,
745 1230 801 1295 si
842 1230 1150 1312 scriptum
1196 1234 1298 1296 est
1341 1248 1622 1311 carmen,
1669 1232 1979 1309 quantum
2025 1229 2066 1294 a
2108 1247 2262 1295 vero
2300 1229 2562 1294 aberra-

249 1336 422 1401 verit
435 1337 924 1421 Hertzbergius,
969 1339 1078 1418 qui
1104 1338 1361 1425 (transl.
1376 1339 1609 1423 germ.)
1628 1337 1802 1403 nullo
1821 1337 2132 1402 interiore
2156 1356 2300 1403 cum
2325 1337 2562 1403 ceteris

250 1444 641 1511 carminibus
687 1445 849 1511 illud
907 1464 1050 1511 esse
1102 1447 1515 1530 conjunctum
1570 1463 1865 1510 connexu
1907 1433 2286 1528 contendit,
2345 1449 2560 1527 patet3

249 1551 437 1616 immo
477 1553 897 1633 compositum
928 1562 1031 1618 est
1072 1571 1126 1618 c.
1175 1559 1251 1618 13
1298 1552 1457 1618 item
1496 1557 1695 1632 atque
1739 1554 1842 1621 ell.
1882 1559 1958 1618 12
2005 1557 2074 1618 et
2121 1553 2320 1622 18.ad
2355 1553 2563 1635 expri-

250 1659 548 1724 mendam
593 1659 791 1725 animi
834 1659 1269 1742 offensionem,
1320 1679 1446 1740 qua
1486 1660 1763 1726 affectus
1809 1665 1914 1726 est
1957 1660 2332 1742 Propertius
2377 1660 2560 1726 muli-

255 1785 435 1831 erum
477 1768 811 1848 pravitate
849 1775 1048 1847 atque
1094 1768 1406 1848 nequitia.
1470 1769 1784 1834 Nimirum
1825 1769 2127 1835 custodes
2169 1768 2284 1850 illi,
2331 1768 2562 1848 quibus

252 1875 497 1940 Romae
534 1874 835 1941 mulieres
878 1876 1217 1941 admodum
1247 1876 1596 1958 suspiciose
1631 1875 1782 1943 sunt
1816 1876 2256 1942 circumdatae
2300 1876 2432 1966 (13.
2460 1882 2560 1943 29.

252 1983 405 2069 30.),
448 1983 639 2048 fidem
685 1988 883 2064 atque
924 1983 1223 2049 fiduciam
1256 1986 1617 2068 evanuisse,
1658 1985 2018 2051 leonooinia
2046 1989 2284 2067 autem,
2311 1983 2563 2074 ,quibus

249 2091 423 2159 viros
467 2091 766 2172 decipere
810 2092 1077 2157 student
1134 2092 1287 2158 illae
1350 2095 1487 2179 (13.
1534 2101 1633 2160 27.
1683 2097 1832 2177 28.),
1894 2093 2326 2159 calliditatem
2363 2089 2562 2173 ‘atque

248 2199 604 2266 versutiam
640 2199 868 2266 florere
907 2198 1223 2280 clamant3
1270 2204 1343 2267 at
1385 2201 1655 2267 licentia
1687 2201 1802 2268 illa
1832 2201 2231 2281 libertasque
2275 2199 2560 2282 vivendi,

250 2325 440 2387 quam
464 2307 743 2389 Spartae
788 2308 1014 2392 vigere
1058 2313 1283 2374 noster
1324 2310 1547 2392 refert,
1592 2310 1702 2375 ubi
1741 2310 1962 2392 puella
1990 2311 2165 2375 nuda
2190 2327 2311 2374 nec
2335 2313 2560 2375 tamen

249 2417 637 2482 erubescens
689 2416 927 2481 sociam
994 2434 1064 2480 se
1125 2417 1446 2500 adjungat
1501 2418 1660 2485 viris
1701 2406 2121 2484 ¹luctantibus
2163 2418 2293 2503 (13,
2342 2422 2379 2482 3
2423 2435 2558 2497 sqq.

255 2531 351 2591 19.
402 2524 554 2611 20.),
618 2523 728 2588 ubi
772 2542 998 2589 amans
1045 2543 1086 2588 a
1143 2524 1362 2606 puella
1414 2544 1758 2605 numquam
1819 2525 2114 2590 discedat
2163 2527 2386 2610 amata
2429 2531 2558 2610 (13,

252 2639 353 2699 21.
400 2636 584 2714 sqq),
630 2651 759 2697 non
806 2632 931 2698 nisi
972 2650 1215 2697 morum
1253 2633 1581 2714 probitate
1624 2633 1749 2699 niti
1783 2636 2070 2714 possunt.

454 2740 688 2806 Tribus
742 2739 947 2823 igitur
1007 2739 1105 2806 his
1160 2741 1388 2824 elegiis
1442 2740 2033 2821 vehementissima,
2095 2758 2285 2819 quam
2330 2743 2559 2806 contra

250 2848 552 2914 mulieres
591 2849 803 2914 animo
836 2849 1133 2929 concepit
1162 2853 1358 2930 poeta
1385 2849 1651 2915 ostensio
1694 2847 2093 2929 exprimitur,
2129 2866 2316 2928 quam
2362 2847 2592 2922 offen-¹

249 2955 495 3021 sionem
541 2957 961 3038 repetendam
1008 2974 1149 3021 esse
1193 2975 1234 3022 a
1275 2956 1600 3039 Cynthiae
1644 2955 2107 3022 consuetudine
2151 2960 2349 3037 atque
2395 2956 2556 3038 vita,

246 3061 505 3128 etiamsi
548 3063 627 3128 el.
678 3068 774 3128 18.
811 3081 918 3128 vv.
975 3069 1007 3127 1
1056 3067 1125 3128 et
1168 3069 1240 3128 2:

657 3187 935 3253 „Obicitur
970 3188 1170 3241 totiens
1206 3204 1239 3242 a
1273 3190 1329 3242 te
1365 3185 1496 3240 mihi
1535 3189 1718 3240 nostra
1753 3186 1946 3241 libido:

861 3277 1027 3333 Crede
1062 3277 1212 3344 mihi,
1248 3277 1399 3332 vobis
1432 3278 1661 3348 imperat
1696 3277 1806 3331 ista
1839 3277 2010 3346 magis
2046 3293 2089 3331 e.
2129 3294 2178 3346 q.
2221 3282 2298 3333 ι.“

248 3388 493 3455 diserte
532 3407 676 3455 non¹
700 3390 1049 3470 testentur,
1096 3405 1195 3469 ea,
1241 3404 1408 3467 quae
1437 3387 1518 3450 de
1542 3384 1827 3472 priorum
1864 3383 2171 3451 librorum
2201 3385 2552 3470 elegiarum

246 3497 502 3563 ratione
572 3495 938 3578 statuimuS,
1010 3495 1448 3576 comprobant.
1536 3491 1851 3558 Nimirum
1910 3492 2259 3575 Cynthiam
2313 3493 2558 3560 aetatis

248 3622 405 3669 suae
447 3621 658 3670 mores
702 3607 992 3669 secutam
1032 3601 1213 3668 vitiis
1255 3599 1652 3684 flagitiisque
1696 3599 1794 3666 ita
1839 3618 1909 3666 se
1934 3600 2208 3684 dedisse,
2247 3606 2323 3669 ut
2364 3601 2557 3683 pede-

247 3711 483 3778 tentim
531 3716 600 3777 et
643 3709 971 3794 gradatim
1014 3715 1291 3792 poetam,
1359 3709 1467 3790 qui
1510 3713 1586 3774 ut
1628 3709 1996 3792 negligeret
2040 3709 2179 3793 eJus
2219 3709 2556 3792 perfidiam

248 3825 447 3900 atque
491 3819 833 3887 levitatem
876 3838 919 3884 a
956 3835 1025 3884 se
1068 3818 1421 3900 impetrare
1464 3821 1789 3899 potuerat,
1835 3836 1876 3882 a
1923 3835 1995 3882 se
2037 3816 2398 3900 alienaret„
2427 3817 2556 3884 ele-

247 3927 397 4010 giae
441 3928 626 3992 modo
675 3930 1009 3994 tractatae
1063 3944 1207 3992 cum
1268 3926 1373 3992 611.
1428 3929 1512 3992 24
1568 3929 1638 3990 et
1682 3932 1762 3992 25
1818 3925 1903 3990 ad
1956 3924 2302 4007 Cynthiam
2349 3924 2556 4006 ipsam

249 4034 463 4101 missis
497 4040 911 4117 comparatae
949 4035 1202 4100 docent.
1284 4033 1500 4116 Quare
1544 4052 1626 4098 ex
1667 4051 1953 4099 amorum
1996 4031 2369 4098 condicione
2412 4050 2554 4113 pro-

246 4145 467 4210 fectae
495 4160 879 4222 quamquam
906 4141 1099 4224 plane
1121 4143 1516 4222 respondent
1539 4140 1837 4223 propriae
1857 4138 2070 4221 poesis
2087 4137 2555 4220 Propertianae

247 4250 508 4334 rationi,
552 4254 775 4316 tamen
813 4269 854 4316 a
899 4249 1179 4331 priorum
1223 4249 1530 4316 librorum
1568 4248 1815 4332 elegiiS,
1859 4265 2128 4328 quarum
2169 4250 2556 4330 argumenta

124 4421 128 4426 .
250 4360 522 4427 similem
566 4359 888 4439 quandam
932 4376 1221 4424 amorum
1265 4357 1704 4425 condicionem
1730 4356 1988 4437 puellae
2009 4354 2290 4421 moribus
2319 4355 2554 4422 adduc-

246 4473 384 4536 tam
400 4469 726 4552 indicant,
768 4469 953 4537 velut
986 4469 1040 4549 I,
1087 4473 1142 4534 1.
1191 4474 1244 4534 2.
1291 4473 1392 4532 13.
1440 4472 1532 4532 16.
1566 4473 1661 4536 17.
1695 4469 1860 4531 cett:
1905 4463 2220 4530 recedunt
2248 4481 2342 4545 eo,
2387 4469 2555 4543 quod

2211 4583 2244 4636 2
