<?xml version="1.0" encoding="UTF-8"?>
<!DOCTYPE html PUBLIC "-//W3C//DTD XHTML 1.0 Transitional//EN"
    "http://www.w3.org/TR/xhtml1/DTD/xhtml1-transitional.dtd">
<html xmlns="http://www.w3.org/1999/xhtml" xml:lang="en" lang="en">
 <head>
  <title>
</title>
<meta http-equiv="Content-Type" content="text/html;charset=utf-8" />
  <meta name='ocr-system' content='tesseract 3.04.00' />
  <meta name='ocr-capabilities' content='ocr_page ocr_carea ocr_par ocr_line ocrx_word'/>
</head>
<body>
  <div class='ocr_page' id='page_1' title='image "./quaestionesprop00schagoog_0016.png"; bbox 0 0 3142 4984; ppageno 0'>
   <div class='ocr_carea' id='block_1_1' title="bbox 1500 458 1924 520">
    <p class='ocr_par' dir='ltr' id='par_1_1' title="bbox 1500 458 1924 520">
     <span class='ocr_line' id='line_1_1' title="bbox 1500 458 1924 520; baseline 0.009 -16"><span class='ocrx_word' id='word_1_1' title='bbox 1500 458 1924 520; x_wconf 71' lang='lat'>...14-</span> 
     </span>
    </p>
   </div>
   <div class='ocr_carea' id='block_1_2' title="bbox 490 615 2958 2204">
    <p class='ocr_par' dir='ltr' id='par_1_2' title="bbox 490 615 2958 2204">
     <span class='ocr_line' id='line_1_2' title="bbox 554 615 2877 712; baseline 0.006 -31"><span class='ocrx_word' id='word_1_2' title='bbox 554 615 931 700; x_wconf 91' lang='lat' dir='ltr'>Propertius</span> <span class='ocrx_word' id='word_1_3' title='bbox 989 624 1053 688; x_wconf 93' lang='lat' dir='ltr'>in</span> <span class='ocrx_word' id='word_1_4' title='bbox 1102 625 1179 692; x_wconf 93' lang='lat' dir='ltr'>el.</span> <span class='ocrx_word' id='word_1_5' title='bbox 1232 631 1331 708; x_wconf 89' lang='lat'>10,</span> <span class='ocrx_word' id='word_1_6' title='bbox 1389 632 1465 692; x_wconf 91' lang='lat' dir='ltr'>ut</span> <span class='ocrx_word' id='word_1_7' title='bbox 1510 626 1703 693; x_wconf 86' lang='lat' dir='ltr'>Gallo</span> <span class='ocrx_word' id='word_1_8' title='bbox 1765 629 2185 712; x_wconf 77' lang='lat' dir='ltr'><strong>demonstret,</strong></span> <span class='ocrx_word' id='word_1_9' title='bbox 2247 631 2557 709; x_wconf 89' lang='lat' dir='ltr'>quomodo</span> <span class='ocrx_word' id='word_1_10' title='bbox 2610 631 2877 712; x_wconf 81' lang='lat' dir='ltr'>puellae</span> 
     </span>
     <span class='ocr_line' id='line_1_3' title="bbox 556 732 2878 819; baseline 0.006 -29"><span class='ocrx_word' id='word_1_11' title='bbox 556 744 836 794; x_wconf 90' lang='lat' dir='ltr'>amorem</span> <span class='ocrx_word' id='word_1_12' title='bbox 868 732 1073 812; x_wconf 90' lang='lat' dir='ltr'>possit</span> <span class='ocrx_word' id='word_1_13' title='bbox 1112 733 1355 816; x_wconf 82' lang='lat' dir='ltr'>fovere,</span> <span class='ocrx_word' id='word_1_14' title='bbox 1400 736 1701 816; x_wconf 89' lang='lat' dir='ltr'>quoniam</span> <span class='ocrx_word' id='word_1_15' title='bbox 1726 737 2050 819; x_wconf 80' lang='lat' dir='ltr'>Cynthiae</span> <span class='ocrx_word' id='word_1_16' title='bbox 2083 738 2548 804; x_wconf 86' lang='lat' dir='ltr'>consuetudine</span> <span class='ocrx_word' id='word_1_17' title='bbox 2579 739 2878 805; x_wconf 89' lang='lat' dir='ltr'>omnibus</span> 
     </span>
     <span class='ocr_line' id='line_1_4' title="bbox 556 839 2876 928; baseline 0.005 -30"><span class='ocrx_word' id='word_1_18' title='bbox 556 853 843 902; x_wconf 90' lang='lat' dir='ltr'>amorum</span> <span class='ocrx_word' id='word_1_19' title='bbox 864 839 1417 908; x_wconf 77' lang='lat' dir='ltr'>vicissitudinibus</span> <span class='ocrx_word' id='word_1_20' title='bbox 1439 843 1741 910; x_wconf 91' lang='lat' dir='ltr'>initiatus</span> <span class='ocrx_word' id='word_1_21' title='bbox 1767 845 1919 925; x_wconf 93' lang='lat' dir='ltr'>quid</span> <span class='ocrx_word' id='word_1_22' title='bbox 1945 845 2322 928; x_wconf 88' lang='lat' dir='ltr'>cavendum,</span> <span class='ocrx_word' id='word_1_23' title='bbox 2351 845 2506 926; x_wconf 91' lang='lat' dir='ltr'>quid</span> <span class='ocrx_word' id='word_1_24' title='bbox 2531 845 2876 911; x_wconf 91' lang='lat' dir='ltr'>colendum</span> 
     </span>
     <span class='ocr_line' id='line_1_5' title="bbox 556 943 2878 1041; baseline 0.005 -35"><span class='ocrx_word' id='word_1_25' title='bbox 556 943 926 1026; x_wconf 86' lang='lat' dir='ltr'>sit-optime</span> <span class='ocrx_word' id='word_1_26' title='bbox 957 950 1403 1028; x_wconf 78' lang='lat' dir='ltr'>praescribere</span> <span class='ocrx_word' id='word_1_27' title='bbox 1438 953 1646 1032; x_wconf 90' lang='lat' dir='ltr'>possit</span> <span class='ocrx_word' id='word_1_28' title='bbox 1680 953 1762 1038; x_wconf 90' lang='grc' dir='ltr'>(Ι,</span> <span class='ocrx_word' id='word_1_29' title='bbox 1811 959 1867 1036; x_wconf 88' lang='grc'>9,</span> <span class='ocrx_word' id='word_1_30' title='bbox 1915 955 2135 1041; x_wconf 83' lang='grc'>5-8),</span> <span class='ocrx_word' id='word_1_31' title='bbox 2177 955 2496 1020; x_wconf 84' lang='lat' dir='ltr'>rationem</span> <span class='ocrx_word' id='word_1_32' title='bbox 2542 972 2708 1034; x_wconf 91' lang='lat' dir='ltr'>quae</span> <span class='ocrx_word' id='word_1_33' title='bbox 2747 953 2878 1035; x_wconf 92' lang='lat' dir='ltr'>ipsi</span> 
     </span>
     <span class='ocr_line' id='line_1_6' title="bbox 554 1043 2958 1144; baseline 0.005 -30"><span class='ocrx_word' id='word_1_34' title='bbox 554 1050 766 1116; x_wconf 80' lang='lat' dir='ltr'>intere</span> <span class='ocrx_word' id='word_1_35' title='bbox 797 1055 991 1121; x_wconf 85' lang='lat' dir='ltr'>cedat</span> <span class='ocrx_word' id='word_1_36' title='bbox 1042 1074 1184 1121; x_wconf 90' lang='lat' dir='ltr'>cum</span> <span class='ocrx_word' id='word_1_37' title='bbox 1228 1058 1448 1139; x_wconf 90' lang='lat' dir='ltr'>puella</span> <span class='ocrx_word' id='word_1_38' title='bbox 1494 1064 1716 1125; x_wconf 91' lang='lat' dir='ltr'>amata</span> <span class='ocrx_word' id='word_1_39' title='bbox 1761 1061 2108 1143; x_wconf 80' lang='lat' dir='ltr'>describat,</span> <span class='ocrx_word' id='word_1_40' title='bbox 2170 1080 2314 1127; x_wconf 90' lang='lat' dir='ltr'>cum</span> <span class='ocrx_word' id='word_1_41' title='bbox 2356 1063 2576 1144; x_wconf 91' lang='lat' dir='ltr'>plures</span> <span class='ocrx_word' id='word_1_42' title='bbox 2617 1061 2876 1144; x_wconf 84' lang='lat' dir='ltr'>elegiae</span> <span class='ocrx_word' id='word_1_43' title='bbox 2953 1043 2958 1048; x_wconf 39' lang='lat'>⁸</span> 
     </span>
     <span class='ocr_line' id='line_1_7' title="bbox 557 1159 2875 1250; baseline 0.005 -28"><span class='ocrx_word' id='word_1_44' title='bbox 557 1159 743 1224; x_wconf 88' lang='lat' dir='ltr'>velut</span> <span class='ocrx_word' id='word_1_45' title='bbox 792 1167 845 1226; x_wconf 94' lang='grc'>1.</span> <span class='ocrx_word' id='word_1_46' title='bbox 900 1168 994 1227; x_wconf 87' lang='grc'>13.</span> <span class='ocrx_word' id='word_1_47' title='bbox 1044 1170 1316 1230; x_wconf 79' lang='grc'><strong>15-18,</strong></span> <span class='ocrx_word' id='word_1_48' title='bbox 1375 1167 1539 1232; x_wconf 88' lang='lat' dir='ltr'>satis</span> <span class='ocrx_word' id='word_1_49' title='bbox 1585 1168 1952 1234; x_wconf 87' lang='lat' dir='ltr'>luculenter</span> <span class='ocrx_word' id='word_1_50' title='bbox 1995 1171 2293 1250; x_wconf 82' lang='lat' dir='ltr'>doceant,</span> <span class='ocrx_word' id='word_1_51' title='bbox 2356 1169 2683 1234; x_wconf 86' lang='lat' dir='ltr'>fortunam</span> <span class='ocrx_word' id='word_1_52' title='bbox 2727 1187 2875 1234; x_wconf 90' lang='lat' dir='ltr'>nos-</span> 
     </span>
     <span class='ocr_line' id='line_1_8' title="bbox 564 1269 2875 1358; baseline 0.006 -29"><span class='ocrx_word' id='word_1_53' title='bbox 564 1271 734 1331; x_wconf 91' lang='lat' dir='ltr'>trum</span> <span class='ocrx_word' id='word_1_54' title='bbox 779 1269 1141 1336; x_wconf 86' lang='lat' dir='ltr'>deseruisse</span> <span class='ocrx_word' id='word_1_55' title='bbox 1184 1274 1568 1338; x_wconf 91' lang='lat' dir='ltr'>amatoriam</span> <span class='ocrx_word' id='word_1_56' title='bbox 1615 1294 1962 1356; x_wconf 89' lang='lat' dir='ltr'>omnesque</span> <span class='ocrx_word' id='word_1_57' title='bbox 2007 1282 2279 1343; x_wconf 91' lang='lat' dir='ltr'>conatus</span> <span class='ocrx_word' id='word_1_58' title='bbox 2321 1277 2637 1358; x_wconf 86' lang='lat' dir='ltr'>pristinae</span> <span class='ocrx_word' id='word_1_59' title='bbox 2666 1277 2875 1342; x_wconf 78' lang='lat' dir='ltr'>felici-</span> 
     </span>
     <span class='ocr_line' id='line_1_9' title="bbox 562 1375 2881 1465; baseline 0.004 -27"><span class='ocrx_word' id='word_1_60' title='bbox 562 1375 723 1440; x_wconf 85' lang='lat' dir='ltr'>tatis</span> <span class='ocrx_word' id='word_1_61' title='bbox 756 1381 1241 1459; x_wconf 84' lang='lat' dir='ltr'>recuperandae</span> <span class='ocrx_word' id='word_1_62' title='bbox 1278 1383 1361 1446; x_wconf 84' lang='lat' dir='ltr'>ad</span> <span class='ocrx_word' id='word_1_63' title='bbox 1402 1382 1594 1448; x_wconf 83' lang='lat' dir='ltr'>irrita</span> <span class='ocrx_word' id='word_1_64' title='bbox 1627 1377 1882 1465; x_wconf 84' lang='lat' dir='ltr'>cadere,</span> <span class='ocrx_word' id='word_1_65' title='bbox 1932 1384 2208 1465; x_wconf 91' lang='lat' dir='ltr'>denique</span> <span class='ocrx_word' id='word_1_66' title='bbox 2237 1403 2380 1450; x_wconf 88' lang='lat' dir='ltr'>cum</span> <span class='ocrx_word' id='word_1_67' title='bbox 2415 1385 2630 1450; x_wconf 90' lang='lat' dir='ltr'>omnia</span> <span class='ocrx_word' id='word_1_68' title='bbox 2660 1384 2810 1451; x_wconf 90' lang='lat' dir='ltr'>libri</span> <span class='ocrx_word' id='word_1_69' title='bbox 2845 1383 2881 1448; x_wconf 92' lang='lat' dir='ltr'>I</span> 
     </span>
     <span class='ocr_line' id='line_1_10' title="bbox 559 1484 2878 1575; baseline 0.005 -29"><span class='ocrx_word' id='word_1_70' title='bbox 559 1484 847 1550; x_wconf 84' lang='lat' dir='ltr'>carmina</span> <span class='ocrx_word' id='word_1_71' title='bbox 890 1489 1210 1554; x_wconf 83' lang='lat' dir='ltr'>amatoria</span> <span class='ocrx_word' id='word_1_72' title='bbox 1255 1496 1373 1554; x_wconf 90' lang='lat' dir='ltr'>aut</span> <span class='ocrx_word' id='word_1_73' title='bbox 1417 1510 1498 1555; x_wconf 78' lang='lat' dir='ltr'>ex</span> <span class='ocrx_word' id='word_1_74' title='bbox 1542 1493 1680 1572; x_wconf 88' lang='lat' dir='ltr'>ipso</span> <span class='ocrx_word' id='word_1_75' title='bbox 1735 1510 1972 1574; x_wconf 87' lang='lat' dir='ltr'>amore,</span> <span class='ocrx_word' id='word_1_76' title='bbox 2031 1511 2154 1573; x_wconf 95' lang='lat' dir='ltr'>quo</span> <span class='ocrx_word' id='word_1_77' title='bbox 2197 1494 2532 1575; x_wconf 90' lang='lat' dir='ltr'>amplexus</span> <span class='ocrx_word' id='word_1_78' title='bbox 2577 1497 2680 1558; x_wconf 90' lang='lat' dir='ltr'>est</span> <span class='ocrx_word' id='word_1_79' title='bbox 2722 1492 2878 1558; x_wconf 92' lang='lat' dir='ltr'>Pro-</span> 
     </span>
     <span class='ocr_line' id='line_1_11' title="bbox 560 1591 2880 1680; baseline 0.003 -22"><span class='ocrx_word' id='word_1_80' title='bbox 560 1591 809 1672; x_wconf 88' lang='lat' dir='ltr'>pertius</span> <span class='ocrx_word' id='word_1_81' title='bbox 838 1593 1207 1678; x_wconf 80' lang='lat' dir='ltr'>Cynthiam,</span> <span class='ocrx_word' id='word_1_82' title='bbox 1256 1599 1388 1662; x_wconf 89' lang='lat' dir='ltr'>sint</span> <span class='ocrx_word' id='word_1_83' title='bbox 1418 1599 1716 1680; x_wconf 79' lang='lat' dir='ltr'>profecta</span> <span class='ocrx_word' id='word_1_84' title='bbox 1757 1605 1875 1666; x_wconf 90' lang='lat' dir='ltr'>aut</span> <span class='ocrx_word' id='word_1_85' title='bbox 1907 1601 2227 1665; x_wconf 89' lang='lat' dir='ltr'>societate</span> <span class='ocrx_word' id='word_1_86' title='bbox 2273 1601 2549 1680; x_wconf 89' lang='lat' dir='ltr'>quadam</span> <span class='ocrx_word' id='word_1_87' title='bbox 2590 1600 2880 1665; x_wconf 90' lang='lat' dir='ltr'>naturali</span> 
     </span>
     <span class='ocr_line' id='line_1_12' title="bbox 558 1703 2879 1792; baseline 0.003 -27"><span class='ocrx_word' id='word_1_88' title='bbox 558 1720 701 1766; x_wconf 89' lang='lat' dir='ltr'>cum</span> <span class='ocrx_word' id='word_1_89' title='bbox 746 1703 858 1769; x_wconf 91' lang='lat' dir='ltr'>illo</span> <span class='ocrx_word' id='word_1_90' title='bbox 906 1705 1039 1770; x_wconf 92' lang='lat' dir='ltr'>sint</span> <span class='ocrx_word' id='word_1_91' title='bbox 1085 1708 1450 1792; x_wconf 84' lang='lat' dir='ltr'>conjuncta,</span> <span class='ocrx_word' id='word_1_92' title='bbox 1498 1727 1628 1774; x_wconf 90' lang='lat' dir='ltr'>non</span> <span class='ocrx_word' id='word_1_93' title='bbox 1681 1711 1822 1775; x_wconf 88' lang='lat' dir='ltr'>sine</span> <span class='ocrx_word' id='word_1_94' title='bbox 1871 1709 2091 1789; x_wconf 88' lang='lat' dir='ltr'>aliqua</span> <span class='ocrx_word' id='word_1_95' title='bbox 2132 1708 2596 1790; x_wconf 86' lang='lat' dir='ltr'>probabilitate</span> <span class='ocrx_word' id='word_1_96' title='bbox 2636 1725 2879 1790; x_wconf 89' lang='lat' dir='ltr'>ponere</span> 
     </span>
     <span class='ocr_line' id='line_1_13' title="bbox 559 1810 2887 1902; baseline 0.003 -28"><span class='ocrx_word' id='word_1_97' title='bbox 559 1810 714 1876; x_wconf 88' lang='lat' dir='ltr'>mihi</span> <span class='ocrx_word' id='word_1_98' title='bbox 756 1812 998 1894; x_wconf 89' lang='lat' dir='ltr'>videor,</span> <span class='ocrx_word' id='word_1_99' title='bbox 1050 1815 1314 1881; x_wconf 77' lang='lat' dir='ltr'>Gallum</span> <span class='ocrx_word' id='word_1_100' title='bbox 1358 1821 1431 1881; x_wconf 91' lang='lat' dir='ltr'>ut</span> <span class='ocrx_word' id='word_1_101' title='bbox 1474 1817 1833 1898; x_wconf 86' lang='lat' dir='ltr'>prospiciat</span> <span class='ocrx_word' id='word_1_102' title='bbox 1878 1817 2202 1883; x_wconf 89' lang='lat' dir='ltr'>amoribus</span> <span class='ocrx_word' id='word_1_103' title='bbox 2248 1817 2381 1882; x_wconf 90' lang='lat' dir='ltr'>suis</span> <span class='ocrx_word' id='word_1_104' title='bbox 2425 1835 2503 1882; x_wconf 91' lang='lat' dir='ltr'>ea</span> <span class='ocrx_word' id='word_1_105' title='bbox 2548 1817 2630 1882; x_wconf 91' lang='lat' dir='ltr'>de</span> <span class='ocrx_word' id='word_1_106' title='bbox 2679 1835 2887 1902; x_wconf 72' lang='lat' dir='ltr'>causa</span> 
     </span>
     <span class='ocr_line' id='line_1_14' title="bbox 557 1919 2877 2008; baseline 0.003 -25"><span class='ocrx_word' id='word_1_107' title='bbox 557 1919 888 1984; x_wconf 89' lang='lat' dir='ltr'>admoneri</span> <span class='ocrx_word' id='word_1_108' title='bbox 942 1941 981 1986; x_wconf 94' lang='lat' dir='ltr'>a</span> <span class='ocrx_word' id='word_1_109' title='bbox 1034 1922 1394 2006; x_wconf 81' lang='lat' dir='ltr'>PropertiO,</span> <span class='ocrx_word' id='word_1_110' title='bbox 1455 1925 1608 2005; x_wconf 91' lang='lat' dir='ltr'>quia</span> <span class='ocrx_word' id='word_1_111' title='bbox 1667 1943 1785 1990; x_wconf 92' lang='lat' dir='ltr'>sua</span> <span class='ocrx_word' id='word_1_112' title='bbox 1843 1925 2281 2008; x_wconf 85' lang='lat' dir='ltr'>imprudentia</span> <span class='ocrx_word' id='word_1_113' title='bbox 2339 1926 2478 2007; x_wconf 87' lang='lat' dir='ltr'>ipse</span> <span class='ocrx_word' id='word_1_114' title='bbox 2535 1919 2616 1988; x_wconf 87' lang='lat' dir='ltr'>in&#39;</span> <span class='ocrx_word' id='word_1_115' title='bbox 2657 1942 2877 1990; x_wconf 90' lang='lat' dir='ltr'>amore</span> 
     </span>
     <span class='ocr_line' id='line_1_15' title="bbox 490 2027 2873 2117; baseline 0.006 -33"><span class='ocrx_word' id='word_1_116' title='bbox 490 2081 493 2084; x_wconf 78' lang='grc'>,</span> <span class='ocrx_word' id='word_1_117' title='bbox 560 2027 864 2093; x_wconf 90' lang='lat' dir='ltr'>damnum</span> <span class='ocrx_word' id='word_1_118' title='bbox 909 2029 1180 2113; x_wconf 80' lang='lat' dir='ltr'>fecerat,</span> <span class='ocrx_word' id='word_1_119' title='bbox 1228 2050 1418 2111; x_wconf 88' lang='lat' dir='ltr'>quam</span> <span class='ocrx_word' id='word_1_120' title='bbox 1460 2034 1902 2117; x_wconf 87' lang='lat' dir='ltr'>conjecturam</span> <span class='ocrx_word' id='word_1_121' title='bbox 1939 2035 2279 2100; x_wconf 84' lang='lat' dir='ltr'>admodum</span> <span class='ocrx_word' id='word_1_122' title='bbox 2315 2033 2765 2099; x_wconf 86' lang='lat' dir='ltr'>commendant</span> <span class='ocrx_word' id='word_1_123' title='bbox 2794 2034 2873 2098; x_wconf 91' lang='lat' dir='ltr'>el.</span> 
     </span>
     <span class='ocr_line' id='line_1_16' title="bbox 562 2141 1123 2204; baseline 0.011 -6"><span class='ocrx_word' id='word_1_124' title='bbox 562 2141 660 2203; x_wconf 89' lang='grc'>17.</span> <span class='ocrx_word' id='word_1_125' title='bbox 705 2154 810 2202; x_wconf 85' lang='lat' dir='ltr'>vv.</span> <span class='ocrx_word' id='word_1_126' title='bbox 867 2144 895 2202; x_wconf 95' lang='grc'>1</span> <span class='ocrx_word' id='word_1_127' title='bbox 946 2143 1015 2202; x_wconf 77' lang='lat' dir='ltr'>et</span> <span class='ocrx_word' id='word_1_128' title='bbox 1056 2145 1123 2204; x_wconf 78' lang='lat'>2:</span> 
     </span>
    </p>
   </div>
   <div class='ocr_carea' id='block_1_3' title="bbox 974 2265 2336 2424">
    <p class='ocr_par' dir='ltr' id='par_1_3' title="bbox 974 2265 2336 2424">
     <span class='ocr_line' id='line_1_17' title="bbox 974 2265 2336 2336; baseline 0.002 -21"><span class='ocrx_word' id='word_1_129' title='bbox 974 2265 1082 2328; x_wconf 80' lang='lat' dir='ltr'>„Et</span> <span class='ocrx_word' id='word_1_130' title='bbox 1117 2267 1323 2331; x_wconf 88' lang='lat' dir='ltr'>merit0,</span> <span class='ocrx_word' id='word_1_131' title='bbox 1365 2267 1616 2334; x_wconf 87' lang='lat' dir='ltr'>quoniam</span> <span class='ocrx_word' id='word_1_132' title='bbox 1654 2267 1807 2334; x_wconf 77' lang='lat' dir='ltr'>potui</span> <span class='ocrx_word' id='word_1_133' title='bbox 1841 2266 2044 2336; x_wconf 81' lang='lat' dir='ltr'>fugisse</span> <span class='ocrx_word' id='word_1_134' title='bbox 2077 2265 2336 2334; x_wconf 84' lang='lat' dir='ltr'>puellam!</span> 
     </span>
     <span class='ocr_line' id='line_1_18' title="bbox 1072 2353 2259 2424; baseline 0.001 -18"><span class='ocrx_word' id='word_1_135' title='bbox 1072 2353 1229 2408; x_wconf 86' lang='lat' dir='ltr'>Nunc</span> <span class='ocrx_word' id='word_1_136' title='bbox 1264 2371 1361 2424; x_wconf 89' lang='lat' dir='ltr'>ego</span> <span class='ocrx_word' id='word_1_137' title='bbox 1398 2356 1636 2410; x_wconf 82' lang='lat' dir='ltr'>desertas</span> <span class='ocrx_word' id='word_1_138' title='bbox 1675 2356 1922 2424; x_wconf 89' lang='lat' dir='ltr'>alloquor</span> <span class='ocrx_word' id='word_1_139' title='bbox 1954 2355 2259 2424; x_wconf 82' lang='lat' dir='ltr'>alcyonas“:</span> 
     </span>
    </p>
   </div>
   <div class='ocr_carea' id='block_1_4' title="bbox 553 2458 2877 4598">
    <p class='ocr_par' dir='ltr' id='par_1_4' title="bbox 560 2458 2877 2965">
     <span class='ocr_line' id='line_1_19' title="bbox 560 2458 2872 2549; baseline 0.001 -28"><span class='ocrx_word' id='word_1_140' title='bbox 560 2459 918 2538; x_wconf 89' lang='lat' dir='ltr'>comparati</span> <span class='ocrx_word' id='word_1_141' title='bbox 976 2479 1115 2530; x_wconf 78' lang='grc'><strong>0010</strong></span> <span class='ocrx_word' id='word_1_142' title='bbox 1179 2461 1483 2529; x_wconf 91' lang='lat' dir='ltr'>Herculis</span> <span class='ocrx_word' id='word_1_143' title='bbox 1540 2464 1835 2546; x_wconf 91' lang='lat' dir='ltr'>exemplo</span> <span class='ocrx_word' id='word_1_144' title='bbox 1895 2464 2027 2549; x_wconf 87' lang='grc'><strong>(20,</strong></span> <span class='ocrx_word' id='word_1_145' title='bbox 2075 2467 2153 2528; x_wconf 87' lang='lat'>15</span> <span class='ocrx_word' id='word_1_146' title='bbox 2212 2462 2400 2548; x_wconf 76' lang='lat' dir='ltr'>sqq),</span> <span class='ocrx_word' id='word_1_147' title='bbox 2456 2460 2565 2541; x_wconf 90' lang='lat' dir='ltr'>qui</span> <span class='ocrx_word' id='word_1_148' title='bbox 2614 2458 2872 2542; x_wconf 87' lang='lat' dir='ltr'>Hylam,</span> 
     </span>
     <span class='ocr_line' id='line_1_20' title="bbox 562 2565 2877 2653; baseline 0.001 -24"><span class='ocrx_word' id='word_1_149' title='bbox 562 2565 851 2649; x_wconf 82' lang='lat' dir='ltr'>delicias,</span> <span class='ocrx_word' id='word_1_150' title='bbox 894 2569 959 2633; x_wconf 91' lang='lat' dir='ltr'>in</span> <span class='ocrx_word' id='word_1_151' title='bbox 1005 2571 1203 2636; x_wconf 89' lang='lat' dir='ltr'>terris</span> <span class='ocrx_word' id='word_1_152' title='bbox 1238 2571 1483 2653; x_wconf 87' lang='lat' dir='ltr'>ignotis</span> <span class='ocrx_word' id='word_1_153' title='bbox 1528 2573 1735 2637; x_wconf 89' lang='lat' dir='ltr'>solum</span> <span class='ocrx_word' id='word_1_154' title='bbox 1778 2571 2009 2653; x_wconf 86' lang='lat' dir='ltr'>vagari</span> <span class='ocrx_word' id='word_1_155' title='bbox 2048 2570 2314 2637; x_wconf 89' lang='lat' dir='ltr'>siverat.</span> <span class='ocrx_word' id='word_1_156' title='bbox 2378 2568 2626 2652; x_wconf 79' lang='lat' dir='ltr'>Quibus</span> <span class='ocrx_word' id='word_1_157' title='bbox 2667 2567 2877 2633; x_wconf 89' lang='lat' dir='ltr'>causis</span> 
     </span>
     <span class='ocr_line' id='line_1_21' title="bbox 560 2675 2874 2765; baseline 0 -27"><span class='ocrx_word' id='word_1_158' title='bbox 560 2675 913 2758; x_wconf 84' lang='lat' dir='ltr'>diligenter</span> <span class='ocrx_word' id='word_1_159' title='bbox 947 2680 1337 2746; x_wconf 86' lang='lat' dir='ltr'>examinatis</span> <span class='ocrx_word' id='word_1_160' title='bbox 1371 2682 1520 2765; x_wconf 86' lang='lat' dir='ltr'>jure</span> <span class='ocrx_word' id='word_1_161' title='bbox 1554 2680 1951 2746; x_wconf 89' lang='lat' dir='ltr'>contendere</span> <span class='ocrx_word' id='word_1_162' title='bbox 1980 2678 2137 2744; x_wconf 90' lang='lat' dir='ltr'>mihi</span> <span class='ocrx_word' id='word_1_163' title='bbox 2181 2678 2423 2760; x_wconf 88' lang='lat' dir='ltr'>videor,</span> <span class='ocrx_word' id='word_1_164' title='bbox 2472 2679 2874 2758; x_wconf 86' lang='lat' dir='ltr'>hoc-quoque</span> 
     </span>
     <span class='ocr_line' id='line_1_22' title="bbox 560 2782 2874 2869; baseline 0 -21"><span class='ocrx_word' id='word_1_165' title='bbox 560 2802 822 2851; x_wconf 87' lang='lat' dir='ltr'>carmen</span> <span class='ocrx_word' id='word_1_166' title='bbox 865 2786 1186 2852; x_wconf 74' lang='lat' dir='ltr'>inter-ione</span> <span class='ocrx_word' id='word_1_167' title='bbox 1231 2789 1505 2869; x_wconf 90' lang='lat' dir='ltr'>quodam</span> <span class='ocrx_word' id='word_1_168' title='bbox 1552 2788 1814 2854; x_wconf 87' lang='lat' dir='ltr'>vinculo</span> <span class='ocrx_word' id='word_1_169' title='bbox 1858 2805 2002 2852; x_wconf 88' lang='lat' dir='ltr'>cum</span> <span class='ocrx_word' id='word_1_170' title='bbox 2044 2791 2278 2869; x_wconf 72' lang='lat' dir='ltr'>poetae</span> <span class='ocrx_word' id='word_1_171' title='bbox 2318 2784 2556 2852; x_wconf 90' lang='lat' dir='ltr'>amoris</span> <span class='ocrx_word' id='word_1_172' title='bbox 2599 2782 2874 2850; x_wconf 91' lang='lat' dir='ltr'>condici-</span> 
     </span>
     <span class='ocr_line' id='line_1_23' title="bbox 560 2910 1289 2965; baseline 0.005 -9"><span class='ocrx_word' id='word_1_173' title='bbox 560 2910 681 2957; x_wconf 91' lang='lat' dir='ltr'>one</span> <span class='ocrx_word' id='word_1_174' title='bbox 728 2912 871 2960; x_wconf 90' lang='lat' dir='ltr'>esse</span> <span class='ocrx_word' id='word_1_175' title='bbox 915 2914 1289 2965; x_wconf 88' lang='lat' dir='ltr'>connexum.</span> 
     </span>
    </p>

    <p class='ocr_par' dir='ltr' id='par_1_5' title="bbox 553 2999 2877 4272">
     <span class='ocr_line' id='line_1_24' title="bbox 764 2999 2877 3087; baseline -0.001 -20"><span class='ocrx_word' id='word_1_176' title='bbox 764 3003 1050 3068; x_wconf 84' lang='lat' dir='ltr'>Restant</span> <span class='ocrx_word' id='word_1_177' title='bbox 1094 3004 1347 3087; x_wconf 85' lang='lat' dir='ltr'>elegiae</span> <span class='ocrx_word' id='word_1_178' title='bbox 1391 3022 1519 3068; x_wconf 92' lang='lat' dir='ltr'>non</span> <span class='ocrx_word' id='word_1_179' title='bbox 1558 3003 1920 3070; x_wconf 89' lang='lat' dir='ltr'>amatoriae</span> <span class='ocrx_word' id='word_1_180' title='bbox 1965 3008 2044 3069; x_wconf 83' lang='lat'>21</span> <span class='ocrx_word' id='word_1_181' title='bbox 2093 3010 2162 3068; x_wconf 91' lang='lat' dir='ltr'>et</span> <span class='ocrx_word' id='word_1_182' title='bbox 2205 3009 2307 3085; x_wconf 91' lang='grc'>22,</span> <span class='ocrx_word' id='word_1_183' title='bbox 2355 3019 2623 3082; x_wconf 91' lang='lat' dir='ltr'>quarum</span> <span class='ocrx_word' id='word_1_184' title='bbox 2664 2999 2877 3065; x_wconf 90' lang='lat' dir='ltr'>altera</span> 
     </span>
     <span class='ocr_line' id='line_1_25' title="bbox 566 3109 2876 3196; baseline -0.001 -22"><span class='ocrx_word' id='word_1_185' title='bbox 566 3109 758 3176; x_wconf 76' lang='lat' dir='ltr'>Gallo</span> <span class='ocrx_word' id='word_1_186' title='bbox 817 3113 1070 3179; x_wconf 90' lang='lat' dir='ltr'>cuidam</span> <span class='ocrx_word' id='word_1_187' title='bbox 1090 3165 1106 3196; x_wconf 92' lang='lat'>,</span> <span class='ocrx_word' id='word_1_188' title='bbox 1176 3114 1563 3196; x_wconf 87' lang='lat' dir='ltr'>propinquo,</span> <span class='ocrx_word' id='word_1_189' title='bbox 1639 3133 1680 3179; x_wconf 90' lang='lat' dir='ltr'>a</span> <span class='ocrx_word' id='word_1_190' title='bbox 1739 3114 2104 3180; x_wconf 91' lang='lat' dir='ltr'>latronibus</span> <span class='ocrx_word' id='word_1_191' title='bbox 2176 3113 2244 3177; x_wconf 92' lang='lat' dir='ltr'>in</span> <span class='ocrx_word' id='word_1_192' title='bbox 2312 3113 2473 3195; x_wconf 87' lang='lat' dir='ltr'>fuga</span> <span class='ocrx_word' id='word_1_193' title='bbox 2529 3109 2876 3180; x_wconf 81' lang='lat' dir='ltr'>interfecto</span> 
     </span>
     <span class='ocr_line' id='line_1_26' title="bbox 553 3219 2870 3304; baseline -0.001 -21"><span class='ocrx_word' id='word_1_194' title='bbox 553 3219 736 3301; x_wconf 89' lang='lat' dir='ltr'>justa</span> <span class='ocrx_word' id='word_1_195' title='bbox 795 3222 1011 3303; x_wconf 88' lang='lat' dir='ltr'>solvit,</span> <span class='ocrx_word' id='word_1_196' title='bbox 1072 3225 1287 3288; x_wconf 90' lang='lat' dir='ltr'>altera</span> <span class='ocrx_word' id='word_1_197' title='bbox 1323 3223 1493 3288; x_wconf 90' lang='lat' dir='ltr'>unde</span> <span class='ocrx_word' id='word_1_198' title='bbox 1535 3223 1674 3304; x_wconf 89' lang='lat' dir='ltr'>ipse</span> <span class='ocrx_word' id='word_1_199' title='bbox 1719 3223 1808 3288; x_wconf 87' lang='lat' dir='ltr'>sit</span> <span class='ocrx_word' id='word_1_200' title='bbox 1851 3227 2051 3304; x_wconf 81' lang='lat' dir='ltr'>ortuS,</span> <span class='ocrx_word' id='word_1_201' title='bbox 2095 3220 2320 3302; x_wconf 85' lang='lat' dir='ltr'>paucis</span> <span class='ocrx_word' id='word_1_202' title='bbox 2353 3219 2617 3301; x_wconf 84' lang='lat' dir='ltr'>exponit</span> <span class='ocrx_word' id='word_1_203' title='bbox 2660 3221 2870 3299; x_wconf 76' lang='grc'><strong>110010.</strong></span> 
     </span>
     <span class='ocr_line' id='line_1_27' title="bbox 562 3326 2876 3410; baseline -0.001 -19"><span class='ocrx_word' id='word_1_204' title='bbox 562 3327 608 3391; x_wconf 82' lang='lat' dir='ltr'><strong>J</strong></span> <span class='ocrx_word' id='word_1_205' title='bbox 610 3346 715 3392; x_wconf 91' lang='lat' dir='ltr'>am</span> <span class='ocrx_word' id='word_1_206' title='bbox 756 3347 901 3394; x_wconf 88' lang='lat' dir='ltr'>cum</span> <span class='ocrx_word' id='word_1_207' title='bbox 948 3331 1026 3394; x_wconf 90' lang='lat' dir='ltr'>el.</span> <span class='ocrx_word' id='word_1_208' title='bbox 1074 3336 1151 3395; x_wconf 94' lang='grc'>21</span> <span class='ocrx_word' id='word_1_209' title='bbox 1179 3330 1475 3410; x_wconf 86' lang='lat' dir='ltr'>profecta</span> <span class='ocrx_word' id='word_1_210' title='bbox 1498 3330 1588 3394; x_wconf 92' lang='lat' dir='ltr'>sit</span> <span class='ocrx_word' id='word_1_211' title='bbox 1609 3348 1690 3395; x_wconf 91' lang='lat' dir='ltr'>ex</span> <span class='ocrx_word' id='word_1_212' title='bbox 1729 3329 1941 3396; x_wconf 88' lang='lat' dir='ltr'>officio</span> <span class='ocrx_word' id='word_1_213' title='bbox 1983 3328 2312 3394; x_wconf 87' lang='lat' dir='ltr'>tribuendi</span> <span class='ocrx_word' id='word_1_214' title='bbox 2331 3330 2582 3392; x_wconf 90' lang='lat' dir='ltr'>mortuo</span> <span class='ocrx_word' id='word_1_215' title='bbox 2604 3326 2876 3390; x_wconf 88' lang='lat' dir='ltr'>honores</span> 
     </span>
     <span class='ocr_line' id='line_1_28' title="bbox 564 3432 2873 3517; baseline -0.002 -17"><span class='ocrx_word' id='word_1_216' title='bbox 564 3435 833 3512; x_wconf 65' lang='lat' dir='ltr'>debitos</span> <span class='ocrx_word' id='word_1_217' title='bbox 878 3436 954 3504; x_wconf 91' lang='lat' dir='ltr'>el.</span> <span class='ocrx_word' id='word_1_218' title='bbox 1000 3441 1221 3501; x_wconf 89' lang='lat' dir='ltr'>autem</span> <span class='ocrx_word' id='word_1_219' title='bbox 1273 3443 1352 3502; x_wconf 83' lang='grc'>22</span> <span class='ocrx_word' id='word_1_220' title='bbox 1400 3455 1475 3502; x_wconf 93' lang='lat' dir='ltr'>eo</span> <span class='ocrx_word' id='word_1_221' title='bbox 1522 3436 1790 3502; x_wconf 89' lang='lat' dir='ltr'>consilio</span> <span class='ocrx_word' id='word_1_222' title='bbox 1833 3437 1921 3502; x_wconf 87' lang='lat' dir='ltr'>sit</span> <span class='ocrx_word' id='word_1_223' title='bbox 1961 3435 2348 3517; x_wconf 88' lang='lat' dir='ltr'>composita,</span> <span class='ocrx_word' id='word_1_224' title='bbox 2407 3439 2484 3498; x_wconf 91' lang='lat' dir='ltr'>ut</span> <span class='ocrx_word' id='word_1_225' title='bbox 2522 3432 2873 3515; x_wconf 88' lang='lat' dir='ltr'>elegiarum</span> 
     </span>
     <span class='ocr_line' id='line_1_29' title="bbox 564 3539 2873 3626; baseline -0.001 -20"><span class='ocrx_word' id='word_1_226' title='bbox 564 3543 795 3607; x_wconf 89' lang='lat' dir='ltr'>librum</span> <span class='ocrx_word' id='word_1_227' title='bbox 841 3543 893 3625; x_wconf 91' lang='lat' dir='ltr'>I,</span> <span class='ocrx_word' id='word_1_228' title='bbox 938 3563 1125 3623; x_wconf 91' lang='lat' dir='ltr'>quem</span> <span class='ocrx_word' id='word_1_229' title='bbox 1170 3563 1210 3610; x_wconf 89' lang='lat' dir='ltr'>a</span> <span class='ocrx_word' id='word_1_230' title='bbox 1249 3545 1488 3610; x_wconf 90' lang='lat' dir='ltr'>ceteris</span> <span class='ocrx_word' id='word_1_231' title='bbox 1534 3547 1910 3626; x_wconf 90' lang='lat' dir='ltr'>separatum</span> <span class='ocrx_word' id='word_1_232' title='bbox 1951 3563 1992 3609; x_wconf 89' lang='lat' dir='ltr'>a</span> <span class='ocrx_word' id='word_1_233' title='bbox 2035 3547 2232 3624; x_wconf 75' lang='lat' dir='ltr'>poeta</span> <span class='ocrx_word' id='word_1_234' title='bbox 2265 3542 2404 3623; x_wconf 89' lang='lat' dir='ltr'>ipso</span> <span class='ocrx_word' id='word_1_235' title='bbox 2445 3559 2588 3606; x_wconf 89' lang='lat' dir='ltr'>esse</span> <span class='ocrx_word' id='word_1_236' title='bbox 2633 3539 2873 3606; x_wconf 88' lang='lat' dir='ltr'>editum</span> 
     </span>
     <span class='ocr_line' id='line_1_30' title="bbox 567 3649 2877 3734; baseline -0.001 -19"><span class='ocrx_word' id='word_1_237' title='bbox 567 3654 845 3732; x_wconf 90' lang='lat' dir='ltr'>constat,</span> <span class='ocrx_word' id='word_1_238' title='bbox 890 3652 1309 3718; x_wconf 89' lang='lat' dir='ltr'>concluderet</span> <span class='ocrx_word' id='word_1_239' title='bbox 1352 3652 1688 3734; x_wconf 85' lang='lat' dir='ltr'>aptissime</span> <span class='ocrx_word' id='word_1_240' title='bbox 1730 3656 1800 3717; x_wconf 90' lang='lat' dir='ltr'>et</span> <span class='ocrx_word' id='word_1_241' title='bbox 1842 3670 2072 3717; x_wconf 90' lang='lat' dir='ltr'>nomen</span> <span class='ocrx_word' id='word_1_242' title='bbox 2117 3654 2352 3732; x_wconf 76' lang='lat' dir='ltr'>poetae</span> <span class='ocrx_word' id='word_1_243' title='bbox 2387 3649 2472 3715; x_wconf 94' lang='lat' dir='ltr'>ad</span> <span class='ocrx_word' id='word_1_244' title='bbox 2515 3649 2582 3714; x_wconf 92' lang='lat' dir='ltr'>id</span> <span class='ocrx_word' id='word_1_245' title='bbox 2625 3653 2877 3730; x_wconf 91' lang='lat' dir='ltr'>tempus</span> 
     </span>
     <span class='ocr_line' id='line_1_31' title="bbox 565 3755 2876 3842; baseline -0.002 -19"><span class='ocrx_word' id='word_1_246' title='bbox 565 3758 966 3841; x_wconf 90' lang='lat' dir='ltr'>incognitum</span> <span class='ocrx_word' id='word_1_247' title='bbox 1012 3761 1300 3841; x_wconf 87' lang='lat' dir='ltr'>aperiret</span> <span class='ocrx_word' id='word_1_248' title='bbox 1326 3766 1394 3826; x_wconf 91' lang='lat' dir='ltr'>et</span> <span class='ocrx_word' id='word_1_249' title='bbox 1438 3761 1500 3825; x_wconf 92' lang='lat' dir='ltr'>in</span> <span class='ocrx_word' id='word_1_250' title='bbox 1537 3761 1746 3826; x_wconf 91' lang='lat' dir='ltr'>lucem</span> <span class='ocrx_word' id='word_1_251' title='bbox 1770 3759 2114 3842; x_wconf 82' lang='lat' dir='ltr'>proferret,</span> <span class='ocrx_word' id='word_1_252' title='bbox 2159 3763 2437 3838; x_wconf 90' lang='lat' dir='ltr'>utraque</span> <span class='ocrx_word' id='word_1_253' title='bbox 2471 3775 2652 3823; x_wconf 89' lang='lat' dir='ltr'>suam</span> <span class='ocrx_word' id='word_1_254' title='bbox 2679 3755 2876 3820; x_wconf 87' lang='lat' dir='ltr'>habet</span> 
     </span>
     <span class='ocr_line' id='line_1_32' title="bbox 567 3862 2876 3952; baseline -0.002 -20"><span class='ocrx_word' id='word_1_255' title='bbox 567 3868 1099 3952; x_wconf 89' lang='lat' dir='ltr'>explicationem,</span> <span class='ocrx_word' id='word_1_256' title='bbox 1162 3869 1258 3935; x_wconf 93' lang='lat' dir='ltr'>ita</span> <span class='ocrx_word' id='word_1_257' title='bbox 1310 3874 1386 3935; x_wconf 90' lang='lat' dir='ltr'>ut</span> <span class='ocrx_word' id='word_1_258' title='bbox 1430 3888 1742 3936; x_wconf 89' lang='lat' dir='ltr'>summam</span> <span class='ocrx_word' id='word_1_259' title='bbox 1763 3919 1779 3950; x_wconf 90' lang='lat'>,</span> <span class='ocrx_word' id='word_1_260' title='bbox 1826 3886 1993 3949; x_wconf 90' lang='lat' dir='ltr'>quae</span> <span class='ocrx_word' id='word_1_261' title='bbox 2033 3867 2326 3949; x_wconf 88' lang='lat' dir='ltr'>singulas</span> <span class='ocrx_word' id='word_1_262' title='bbox 2361 3864 2511 3930; x_wconf 91' lang='lat' dir='ltr'>libri</span> <span class='ocrx_word' id='word_1_263' title='bbox 2555 3865 2590 3928; x_wconf 95' lang='lat' dir='ltr'>I</span> <span class='ocrx_word' id='word_1_264' title='bbox 2634 3862 2876 3946; x_wconf 85' lang='lat' dir='ltr'>elegias</span> 
     </span>
     <span class='ocr_line' id='line_1_33' title="bbox 566 3971 2872 4059; baseline -0.002 -19"><span class='ocrx_word' id='word_1_265' title='bbox 566 3977 1115 4057; x_wconf 87' lang='lat' dir='ltr'>perlustrantibus</span> <span class='ocrx_word' id='word_1_266' title='bbox 1156 3978 1341 4057; x_wconf 90' lang='lat' dir='ltr'>quasi</span> <span class='ocrx_word' id='word_1_267' title='bbox 1376 3983 1606 4059; x_wconf 90' lang='lat' dir='ltr'>sponte</span> <span class='ocrx_word' id='word_1_268' title='bbox 1649 3978 1834 4045; x_wconf 89' lang='lat' dir='ltr'>nobis</span> <span class='ocrx_word' id='word_1_269' title='bbox 1874 3975 2176 4057; x_wconf 89' lang='lat' dir='ltr'>occurrit,</span> <span class='ocrx_word' id='word_1_270' title='bbox 2237 3991 2457 4040; x_wconf 92' lang='lat' dir='ltr'>omnes</span> <span class='ocrx_word' id='word_1_271' title='bbox 2500 3972 2689 4038; x_wconf 92' lang='lat' dir='ltr'>huius</span> <span class='ocrx_word' id='word_1_272' title='bbox 2727 3971 2872 4036; x_wconf 86' lang='lat' dir='ltr'>libri</span> 
     </span>
     <span class='ocr_line' id='line_1_34' title="bbox 567 4080 2873 4168; baseline -0.002 -19"><span class='ocrx_word' id='word_1_273' title='bbox 567 4085 814 4168; x_wconf 86' lang='lat' dir='ltr'>elegias</span> <span class='ocrx_word' id='word_1_274' title='bbox 880 4103 916 4150; x_wconf 93' lang='lat' dir='ltr'>e</span> <span class='ocrx_word' id='word_1_275' title='bbox 984 4085 1309 4168; x_wconf 90' lang='lat' dir='ltr'>Propertii</span> <span class='ocrx_word' id='word_1_276' title='bbox 1360 4087 1600 4152; x_wconf 90' lang='lat' dir='ltr'>amoris</span> <span class='ocrx_word' id='word_1_277' title='bbox 1656 4085 2032 4151; x_wconf 88' lang='lat' dir='ltr'>condicione</span> <span class='ocrx_word' id='word_1_278' title='bbox 2105 4100 2248 4148; x_wconf 89' lang='lat' dir='ltr'>esse</span> <span class='ocrx_word' id='word_1_279' title='bbox 2308 4080 2584 4156; x_wconf 87' lang='lat' dir='ltr'>effusas,</span> <span class='ocrx_word' id='word_1_280' title='bbox 2638 4098 2873 4160; x_wconf 91' lang='lat' dir='ltr'>nequa-</span> 
     </span>
     <span class='ocr_line' id='line_1_35' title="bbox 567 4194 1017 4272; baseline 0 -14"><span class='ocrx_word' id='word_1_281' title='bbox 567 4211 757 4272; x_wconf 88' lang='lat' dir='ltr'>quam</span> <span class='ocrx_word' id='word_1_282' title='bbox 804 4194 1017 4258; x_wconf 91' lang='lat' dir='ltr'>tollat.</span> 
     </span>
    </p>

    <p class='ocr_par' dir='ltr' id='par_1_6' title="bbox 566 4294 2875 4598">
     <span class='ocr_line' id='line_1_36' title="bbox 776 4294 2872 4383; baseline -0.003 -17"><span class='ocrx_word' id='word_1_283' title='bbox 776 4302 1134 4367; x_wconf 83' lang='lat' dir='ltr'>Secundum</span> <span class='ocrx_word' id='word_1_284' title='bbox 1153 4352 1169 4383; x_wconf 93' lang='lat'>,</span> <span class='ocrx_word' id='word_1_285' title='bbox 1228 4301 1337 4381; x_wconf 90' lang='lat' dir='ltr'>qui</span> <span class='ocrx_word' id='word_1_286' title='bbox 1380 4300 1706 4382; x_wconf 88' lang='lat' dir='ltr'>sequitur,</span> <span class='ocrx_word' id='word_1_287' title='bbox 1767 4299 1994 4365; x_wconf 86' lang='lat' dir='ltr'>librum</span> <span class='ocrx_word' id='word_1_288' title='bbox 2062 4297 2284 4380; x_wconf 88' lang='lat' dir='ltr'>paucis</span> <span class='ocrx_word' id='word_1_289' title='bbox 2337 4295 2591 4362; x_wconf 88' lang='lat' dir='ltr'>absolvi</span> <span class='ocrx_word' id='word_1_290' title='bbox 2635 4294 2872 4377; x_wconf 84' lang='lat' dir='ltr'>licebit,</span> 
     </span>
     <span class='ocr_line' id='line_1_37' title="bbox 566 4403 2875 4492; baseline -0.002 -19"><span class='ocrx_word' id='word_1_291' title='bbox 566 4410 865 4488; x_wconf 88' lang='lat' dir='ltr'>quoniam</span> <span class='ocrx_word' id='word_1_292' title='bbox 906 4415 1121 4492; x_wconf 80' lang='grc'><strong>110010,</strong></span> <span class='ocrx_word' id='word_1_293' title='bbox 1164 4415 1503 4490; x_wconf 90' lang='lat' dir='ltr'>postquam</span> <span class='ocrx_word' id='word_1_294' title='bbox 1545 4408 1615 4473; x_wconf 89' lang='lat' dir='ltr'>in</span> <span class='ocrx_word' id='word_1_295' title='bbox 1644 4427 1698 4474; x_wconf 91' lang='grc'>0.</span> <span class='ocrx_word' id='word_1_296' title='bbox 1755 4415 1804 4473; x_wconf 94' lang='grc'>1.</span> <span class='ocrx_word' id='word_1_297' title='bbox 1870 4406 2339 4486; x_wconf 86' lang='lat' dir='ltr'>Maecenatem,</span> <span class='ocrx_word' id='word_1_298' title='bbox 2372 4404 2484 4485; x_wconf 92' lang='lat' dir='ltr'>qui</span> <span class='ocrx_word' id='word_1_299' title='bbox 2521 4408 2596 4469; x_wconf 91' lang='lat' dir='ltr'>ut</span> <span class='ocrx_word' id='word_1_300' title='bbox 2639 4403 2875 4470; x_wconf 88' lang='lat' dir='ltr'>maiora</span> 
     </span>
     <span class='ocr_line' id='line_1_38' title="bbox 571 4513 2872 4598; baseline -0.001 -18"><span class='ocrx_word' id='word_1_301' title='bbox 571 4537 762 4598; x_wconf 82' lang='lat' dir='ltr'>quam</span> <span class='ocrx_word' id='word_1_302' title='bbox 780 4537 887 4584; x_wconf 89' lang='lat' dir='ltr'>res</span> <span class='ocrx_word' id='word_1_303' title='bbox 910 4519 1262 4584; x_wconf 87' lang='lat' dir='ltr'>amatorias</span> <span class='ocrx_word' id='word_1_304' title='bbox 1284 4517 1406 4582; x_wconf 88' lang='lat' dir='ltr'>sibi</span> <span class='ocrx_word' id='word_1_305' title='bbox 1430 4517 1823 4584; x_wconf 87' lang='lat' dir='ltr'>celebranda</span> <span class='ocrx_word' id='word_1_306' title='bbox 1840 4520 2124 4581; x_wconf 90' lang='lat' dir='ltr'>sumeret</span> <span class='ocrx_word' id='word_1_307' title='bbox 2145 4532 2287 4582; x_wconf 91' lang='lat' dir='ltr'>eum</span> <span class='ocrx_word' id='word_1_308' title='bbox 2306 4517 2452 4579; x_wconf 90' lang='lat' dir='ltr'>erat</span> <span class='ocrx_word' id='word_1_309' title='bbox 2473 4513 2872 4597; x_wconf 79' lang='lat' dir='ltr'>adhortatuS,</span> 
     </span>
    </p>
   </div>
  </div>
 </body>
</html>
