3142 4984
1557 443 1982 504 -16-..

611 608 666 674 si
710 612 891 674 recte
935 628 975 674 a
1019 627 1118 674 me
1163 613 1314 675 sunt
1354 609 1568 690 posita
1610 609 1806 692 illud,
1853 610 2021 690 quod
2059 610 2197 694 jam
2244 612 2387 673 tota
2427 608 2733 673 librorum
2779 608 2812 671 I
2861 613 2931 671 et

577 716 680 782 ,ΙΙ
722 715 996 798 ratione,
1042 715 1354 798 imprimis
1386 721 1607 784 autem
1632 717 1734 783 ell.
1781 717 1835 800 Ι,
1887 722 1963 783 16
2003 720 2072 783 et
2108 721 2189 782 20
2229 715 2393 781 satis
2415 716 2929 781 demonstratum

612 830 748 906 est,
822 824 1060 890 iterum
1132 824 1496 906 iterumque
1569 825 1923 906 evincitur,
2014 830 2436 908 argumenta,
2511 841 2932 903 quaecunque

617 930 966 996 tractanda
1039 930 1161 996 sibi
1204 932 1505 1014 proponit
1548 931 1961 1015 PropertiuS,
2006 931 2397 1013 respondere
2438 950 2691 1012 semper
2732 931 2935 998 variis

615 1058 775 1121 erga
817 1038 1167 1122 Cynthiam
1214 1039 1666 1106 voluntatibus
1709 1042 1815 1108 vel
1859 1039 2180 1122 proficisci
2222 1057 2257 1105 e
2299 1039 2708 1121 condicione,
2767 1058 2935 1120 quae

558 1131 566 1138 ⁸
612 1146 965 1213 intercedit
1009 1147 1182 1214 inter
1227 1151 1546 1214 amantes.

825 1318 1011 1401 Quod
1055 1338 1198 1385 cum
1245 1338 1326 1384 ex
1366 1320 1490 1400 III,
1535 1325 1566 1384 l
1618 1325 1960 1402 sequatur,
2008 1339 2061 1387 c.
2110 1327 2211 1402 29,
2257 1321 2424 1400 quod
2468 1321 2626 1385 item
2671 1320 2937 1385 exhibet

619 1431 1072 1510 argumentum
1093 1445 1220 1492 non
1237 1426 1644 1508 amatorium,
1684 1428 2066 1495 documento
2093 1446 2236 1494 esse
2260 1432 2499 1510 potest,
2529 1426 2938 1509 Propertium

619 1536 898 1602 omnium
973 1534 1358 1601 amatorium
1415 1539 1755 1617 poetarum
1799 1556 2039 1602 morem
2108 1541 2400 1603 secutum
2457 1537 2523 1602 id
2563 1554 2795 1618 agere,
2864 1540 2939 1601 ut

619 1661 748 1708 non
805 1644 1045 1725 solum,
1108 1661 1276 1723 quae
1325 1643 1392 1707 in
1451 1643 1591 1724 ipso
1643 1662 1861 1710 amore
1914 1649 2068 1710 sunt
2132 1644 2377 1725 posita,
2440 1644 2760 1725 celebret,
2824 1643 2938 1707 sed

617 1751 1059 1818 diversissima
1105 1758 1174 1816 et
1198 1750 1706 1836 disjunctissima
1737 1771 2029 1833 quaeque
2059 1769 2455 1834 omnemque,
2500 1756 2575 1817 ut
2598 1751 2695 1817 ita
2726 1751 2935 1816 dicam

618 1878 834 1924 rerum
874 1864 1177 1924 naturam
1235 1859 1320 1924 ad
1377 1877 1662 1924 amorem
1726 1859 1972 1943 dirigat
2030 1860 2481 1941 omnibusque,
2534 1876 2701 1939 quae
2760 1859 2939 1923 dicat

620 1968 805 2049 quasi
846 1973 1067 2033 notam
1113 1966 1350 2032 amoris
1395 1967 1741 2049 imprimat.
1798 1969 1901 2034 El.
1948 1967 2118 2033 enim
2164 1975 2243 2034 29
2281 1955 2696 2048 ‘splendorem
2739 1970 2939 2044 atque

618 2075 1170 2158 magnificentiam
1214 2093 1456 2141 aureae
1493 2075 1740 2142 Phoebi
1798 2076 2087 2158 porticus
2128 2076 2226 2140 ita
2270 2075 2611 2158 describit,
2675 2080 2748 2140 ut
2794 2092 2937 2140 sero

617 2203 687 2250 se
726 2185 1096 2251 venientem
1135 2203 1248 2266 eo,
1316 2183 1486 2263 quod
1548 2185 1858 2267 templum
1918 2184 2080 2250 illud
2122 2185 2307 2250 modo
2361 2183 2561 2250 fuerit
2618 2188 2936 2264 apertum,

616 2293 790 2375 apud
835 2291 1185 2375 Cynthiam
1233 2295 1520 2360 excusat.

829 2465 1040 2532 Huius
1103 2465 1379 2531 rationis
1443 2463 1771 2530 simillima
1829 2466 2039 2532 utitur
2109 2473 2333 2533 noster
2392 2467 2458 2533 in
2527 2467 2607 2532 el.
2662 2471 2765 2548 23,
2816 2484 2943 2546 qua

625 2591 876 2663 eorum,
957 2573 1066 2654 qui
1127 2574 1382 2654 quando
1441 2591 1613 2638 mors
1671 2572 1795 2639 sibi
1855 2573 2063 2638 instet
2146 2574 2581 2657 investigent,
2659 2573 2941 2639 studium

621 2681 1006 2763 vituperans
1031 2700 1106 2747 eo
1147 2679 1462 2764 deflectit,
1487 2687 1562 2746 ut
1585 2680 1835 2746 amanti
1856 2681 1978 2747 soli
1998 2682 2379 2763 providendi
2411 2683 2531 2747 hoc
2555 2681 2941 2750 facultatem

624 2808 766 2855 esse
830 2791 1050 2856 datam
1113 2789 1307 2855 dicat.
1407 2790 1500 2854 At
1564 2788 1779 2872 elegia
1838 2788 1967 2854 ista
2026 2809 2154 2855 non
2234 2791 2437 2856 solum
2492 2791 2613 2855 hoc
2670 2794 2941 2855 externo

622 2902 824 2979 atque
867 2897 1024 2963 trito
1071 2897 1535 2978 quodammodo
1573 2897 1834 2963 vinculo
1877 2898 2251 2976 consociata
2294 2898 2451 2964 mihi
2496 2916 2639 2963 esse
2686 2897 2945 2963 videtur

627 3025 776 3072 cum
816 3001 1083 3088 reliqui's
1127 3006 1519 3072 carminibus
1542 3005 1897 3088 amatoriiS‚
1943 3005 2134 3072 immo
2176 3007 2344 3072 hanc
2380 3024 2629 3086 quoque
2665 3005 2943 3088 elegiam

630 3114 787 3180 item
825 3132 905 3179 ac
951 3113 1136 3179 modo
1177 3117 1506 3179 tractatas
1537 3113 1798 3194 penitus
1839 3117 2071 3194 poetae
2114 3114 2238 3178 niti
2262 3113 2585 3179 amoribus
2628 3112 2943 3180 existimo,

629 3221 958 3303 Propertii
1003 3221 1172 3287 enim
1232 3240 1348 3304 pro
1395 3240 1669 3302 summo,
1725 3239 1913 3300 quem
1963 3220 2198 3301 ubique
2244 3239 2402 3301 prae
2456 3239 2526 3285 se
2576 3221 2707 3285 fert
2748 3219 2946 3286 animi

627 3330 887 3396 fervore
913 3335 1111 3408 atque
1138 3335 1347 3411 aestu,
1392 3348 1549 3412 prae
1594 3329 1831 3394 ceteris
1848 3329 2061 3410 poetis
2081 3329 2406 3410 proprium
2444 3334 2563 3411 est,
2602 3347 2671 3395 se
2704 3347 2946 3409 suaque

629 3438 842 3504 omnia
885 3436 1278 3520 conjungere
1335 3456 1478 3502 cum
1534 3438 1793 3519 puellae
1839 3454 2085 3519 amore,
2146 3435 2242 3502 ita
2288 3442 2363 3500 ut
2412 3455 2480 3500 111
2521 3437 2597 3500 el.
2640 3435 2729 3517 ΙΙ,
2782 3443 2809 3500 1
2859 3435 2944 3500 ad

628 3544 1034 3610 Mccenatem
1080 3547 1274 3610 missa
1317 3544 1705 3626 profiteatur
1749 3547 1943 3610 haec:

1045 3695 1220 3762 „Laus
1255 3696 1311 3749 in
1347 3712 1522 3750 amore
1558 3696 1711 3760 mori,
1751 3696 1871 3748 laus
1910 3695 2080 3747 altera
2116 3693 2161 3746 si
2201 3693 2361 3746 datur
2395 3709 2499 3746 uno
2532 3680 2539 3688 ⁸

1245 3786 1408 3840 Posse
1445 3786 1579 3840 frui:
1617 3787 1762 3839 fruar
1803 3801 1832 3838 o
1862 3787 2009 3839 solus
2046 3800 2219 3838 amore
2256 3785 2364 3837 eo.“

631 3926 699 3986 et
742 3922 878 4007 (vv.
922 3925 1000 3985 51
1039 3960 1083 3966 --
1127 3922 1269 4005 56):

838 4072 973 4140 „Seu
1008 4070 1139 4124 mihi
1177 4073 1304 4124 sunt
1342 4070 1613 4138 tangenda
1649 4084 1902 4130 novercae
1940 4068 2131 4136 pocula
2168 4065 2449 4130 Phaedrae,
2486 4083 2529 4121 e.
2569 4083 2618 4134 q.
2656 4083 2699 4120 S.

835 4162 954 4216 Una
986 4178 1130 4214 meos
1171 4161 1422 4229 quoniam
1458 4159 1717 4228 praedata
1754 4161 1840 4213 est
1872 4158 2067 4211 femina
2103 4172 2307 4219 sensu8‚

1055 4253 1132 4304 Ex
1168 4251 1266 4306 hac
1304 4251 1572 4305 ducuntur
1604 4251 1789 4304 funera
1824 4252 2010 4302 nostra
2043 4247 2249 4301 dom0.“

631 4394 704 4452 ut
748 4387 814 4451 in
861 4387 1146 4470 ejusdem
1189 4385 1339 4451 libri
1399 4385 1476 4452 el.
1516 4391 1554 4448 4
1577 4435 1592 4466 ,
1657 4401 1784 4463 qua
1828 4399 2033 4470 grave
2088 4381 2489 4446 lamentatur
2532 4377 2768 4443 amoris
2813 4393 2944 4440 ser-

632 4495 857 4566 vitium
905 4494 1211 4577 pronunti
1255 4500 1322 4560 et
1366 4495 1496 4581 (vv,
1551 4499 1626 4558 19
1652 4531 1724 4539 ——
1750 4491 1893 4578 24):
