3142 4984
1255 441 1676 500 -19-

313 626 494 673 suam
535 611 892 688 asseveret,
931 606 1049 693 (cf.
1102 611 1199 671 14.
1247 612 1328 672 45
1367 611 1437 673 et
1462 611 1592 690 46),
1650 608 1940 688 reliquae
1967 608 2155 673 huius
2178 607 2328 673 libri
2372 607 2623 688 elegiae

310 715 621 797 imprimis
665 720 768 781 21.
839 718 942 782 24.
1015 721 1094 780 25
1160 714 1454 782 intimam
1522 721 1758 798 poetae
1804 717 2007 782 animi
2045 716 2439 783 sententiam
2484 735 2626 797 per-

311 827 512 902 pet-ua
550 820 873 903 Cynthiae
939 821 1383 889 inconstantia
1429 827 1629 903 atque
1669 823 1942 905 perfidia
1996 825 2191 904 plane
2240 825 2435 890 aliam
2488 844 2630 890 esse

312 929 559 996 factam
604 929 858 995 docent.
948 929 1043 994 Et
1070 931 1239 994 enim
1283 950 1425 996 cum
1468 931 1536 996 in
1582 932 1791 999 tribus
1831 932 2150 1012 prioribus
2193 933 2377 999 libris
2408 939 2627 1016 poeta,

312 1038 606 1118 quamvis
649 1038 908 1120 puellae
947 1038 1224 1104 levitate
1246 1044 1445 1120 atque
1469 1039 1762 1121 perfidia,
1808 1047 2074 1119 quarum
2122 1046 2225 1106 tot
2268 1042 2619 1107 carminum
2696 1087 2705 1096 -

313 1150 702 1229 argumenta
733 1147 1116 1212 documento
1145 1148 1332 1213 nobis
1371 1153 1552 1230 sunt,
1600 1148 1835 1213 iterum
1864 1148 2227 1228 iterumque
2249 1149 2627 1217 inimicitiae

314 1253 448 1320 sint
489 1259 777 1336 exortae,
823 1273 953 1320 non
997 1256 1201 1321 solum
1247 1273 1377 1320 non
1421 1256 1699 1322 desistat
1724 1255 1941 1336 fateri,
1988 1275 2059 1322 se
2102 1276 2230 1322 non
2277 1277 2464 1338 posse
2492 1258 2631 1324 sine

313 1381 532 1429 amore
585 1365 724 1448 ejus
768 1364 1026 1444 vivere,
1086 1364 1200 1429 sed
1265 1364 1464 1429 etiam
1516 1368 1592 1430 ut
1630 1365 1698 1429 in
1741 1364 2025 1446 gratiam
2070 1383 2211 1430 cum
2257 1385 2335 1430 ea
2380 1368 2627 1451 redeat,

313 1472 736 1538 vehementer
754 1471 1033 1555 gestiat,
1069 1489 1240 1537 nunc
1270 1471 1570 1551 quoniam
1594 1491 1971 1556 persuasum
1994 1473 2215 1555 habet,
2240 1493 2310 1540 se
2335 1478 2630 1554 quamvis

311 1578 566 1644 fidelem
606 1598 953 1660 numquam
991 1580 1194 1645 solum
1240 1579 1378 1662 ejus
1407 1598 1625 1644 amore
1649 1599 1789 1645 esse
1820 1580 2166 1644 fruiturum
2195 1599 2404 1661 neque
2428 1583 2625 1648 etiam

313 1705 594 1752 amorem
621 1687 881 1768 puellae
925 1686 1223 1767 quamvis
1248 1686 1537 1768 perfidae
1559 1692 1629 1753 et
1654 1688 1818 1753 levis
1840 1706 1921 1753 ex
1940 1688 2153 1753 animo
2190 1707 2303 1754 suo
2326 1708 2626 1770 umquam

313 1794 395 1859 iri
437 1794 783 1878 sublatum,
825 1797 976 1861 dum
1021 1795 1244 1860 eodem
1290 1799 1490 1875 atque
1527 1795 1645 1860 illa
1688 1796 1827 1860 1000
1852 1801 2171 1876 versetur,
2219 1797 2288 1861 in
2334 1797 2492 1880 suga
2538 1817 2625 1864 30.

315 1903 722 1968 Athenarum
763 1902 1000 1969 itinere
1042 1903 1147 1986 (el.
1182 1905 1294 1989 21)
1315 1903 1666 1970 remedium
1690 1903 1947 1983 quaerit
1992 1904 2247 1969 amoris,
2316 1904 2627 1971 Nimirum

314 2007 521 2075 Roma
564 2014 633 2075 et
670 2009 958 2093 Cynthia
1001 2010 1252 2076 relictis
1318 2011 1429 2098 (el.
1479 2017 1582 2077 21.
1622 2029 1729 2077 vv.
1778 2016 1858 2076 31
1906 2015 2103 2092 sqq.):

591 2161 738 2227 „Aut
769 2163 964 2232 spatia,
1003 2163 1194 2232 inquit,
1231 2178 1487 2216 annorum
1525 2164 1623 2215 aut
1658 2162 1821 2230 lon‘ga
1859 2160 2147 2215 intervalla
2183 2161 2432 2230 profundi

792 2252 1061 2306 Lenibunt
1096 2254 1266 2307 tacito
1306 2253 1523 2306 volnera
1557 2255 1745 2306 nostra
1785 2252 1932 2304 sinu:

586 2343 690 2398 Seu
724 2343 932 2408 moriar,
968 2343 1098 2409 fato,
1142 2359 1248 2398 non
1281 2343 1429 2414 turpi
1459 2343 1663 2397 fractus
1700 2359 1902 2405 amore;

796 2435 974 2503 Atque
1001 2417 1120 2488 'erit
1150 2434 1248 2487 illa
1286 2433 1417 2487 mihi
1452 2433 1641 2487 mortis
1677 2432 1902 2486 honesta
1944 2431 2116 2496 dies;“

317 2545 546 2624 quibus
577 2545 872 2613 versibus
899 2544 1136 2613 amoris
1181 2545 1370 2610 simul
1410 2525 1829 2610 commutatio
1873 2544 2241 2609 luculenter
2282 2543 2628 2608 indicatur.

319 2654 564 2736 Quodsi
604 2653 990 2737 impetrasse
1031 2654 1303 2720 tandem
1335 2673 1378 2720 a
1417 2671 1489 2718 se
1527 2657 1823 2734 poetam,
1878 2657 1953 2717 ut
1998 2651 2296 2732 turpibus
2331 2651 2629 2716 inhones-

313 2763 531 2842 tisque
574 2763 899 2847 Cynthiae
942 2763 1220 2829 vinculis
1257 2781 1327 2829 se
1367 2762 1770 2842 exsolveret,
1812 2761 1932 2826 hoc
1978 2760 2263 2826 carmine
2307 2761 2629 2842 docemur,

315 2870 424 2936 ell.
466 2875 550 2937 24
595 2876 663 2937 01
709 2879 824 2955 25,
871 2872 1104 2953 quippe
1147 2871 1378 2952 quibus
1421 2869 1767 2951 descriptis
1810 2868 1936 2934 fide
1980 2887 2099 2934 sua
2140 2868 2442 2947 illiusque
2484 2888 2629 2951 pra-

318 2977 530 3044 vitate
577 2982 777 3058 atque
822 2978 1116 3066 nequitia
1156 2978 1438 3060 puellam
1475 2976 1702 3043 valere
1739 2976 2001 3060 jubeat,
2062 2977 2229 3056 quod
2270 2977 2441 3056 apud
2493 2977 2629 3041 ani-

315 3105 486 3151 mum
526 3090 890 3168 statuerat,
935 3106 1008 3152 re
1056 3105 1214 3153 vera
1258 3085 1614 3166 perfecisse
1659 3102 1802 3150 eum
1852 3085 2321 3149 demonstrant.

520 3195 661 3260 Iam
705 3213 861 3260 vero
918 3213 1059 3260 cum
1105 3200 1242 3260 tres
1284 3193 1532 3276 priores
1583 3192 1786 3258 libros
1831 3193 2309 3273 perlustrantes
2365 3190 2631 3257 eviceri-

315 3321 482 3385 111113,
539 3303 896 3386 elegiarum
941 3306 1330 3385 argumenta
1373 3302 1765 3383 respondere
1812 3319 2064 3382 semper
2106 3299 2431 3382 Propertii
2474 3318 2632 3382 erga

317 3410 667 3494 Cynthiam
708 3411 945 3477 amoris
1009 3409 1392 3486 condicioni,
1446 3409 1732 3488 reliquas
1773 3427 2023 3489 quoque
2064 3408 2213 3474 libri
2257 3408 2352 3473 IV
2384 3393 2635 3490 elegias

312 3521 834 3586 accommodatas
875 3537 1017 3584 esse
1053 3523 1289 3600 poetae
1331 3517 1679 3583 affectibus
1705 3517 1900 3598 plane
1943 3517 2118 3582 inter
2162 3535 2231 3582 se
2265 3515 2629 3597 contrariiS,

313 3627 637 3710 expressis
685 3627 818 3694 illis
859 3628 927 3692 in
968 3627 1198 3710 elegiis
1237 3627 1422 3692 modo
1469 3625 1873 3692 adumbratis
1916 3625 2055 3692 veri
2094 3629 2195 3689 est
2216 3625 2628 3690 simillimum.

515 3738 736 3817 Atque
791 3736 1144 3802 carminum
1205 3754 1455 3818 eorum,
1524 3734 1756 3815 quibus
1815 3735 1984 3814 quod
2040 3735 2223 3800 modo
2276 3734 2409 3798 dixi
2429 3785 2444 3815 ‚
2523 3734 2631 3799 de-

313 3844 800 3911 monstrandum
845 3843 998 3925 erit,
1045 3843 1318 3925 primum
1358 3825 1708 3910 occurrunt
1750 3843 1915 3908 tria:
1966 3849 2025 3908 3.
2072 3847 2133 3908 4.
2180 3847 2238 3923 6,
2286 3843 2353 3906 111
2400 3841 2631 3922 quibus

314 3951 666 4034 simillima,
713 3970 840 4031 qua
880 3951 948 4016 in
979 3951 1105 4033 ΠΙ,
1141 3957 1221 4017 23
1269 3954 1340 4016 01
1377 3957 1458 4017 29
1504 3949 1716 4017 11111111
1760 3949 2017 4015 ratione
2057 3955 2446 4032 argumenta
2490 3953 2626 4031 aut,

313 4053 500 4128 velut
542 4065 580 4126 3
625 4064 694 4126 et
738 4067 812 4142 6,
863 4059 1142 4125 redeunt
1183 4059 1268 4124 ad
1310 4063 1546 4140 poetae
1587 4059 1789 4141 ipsius
1830 4077 2111 4139 amoreS‚
2180 4061 2296 4122 aut
2339 4057 2523 4122 velut
2567 4062 2626 4138 4,

312 4169 396 4234 ab
454 4167 586 4233 illis
644 4167 901 4234 initium
957 4167 1240 4248 capiunt.
1326 4167 1404 4231 In
1451 4168 1530 4232 el.
1592 4167 1763 4233 enim
1824 4172 1861 4231 3
1906 4184 2077 4232 nova
2122 4166 2404 4249 Augusti
2451 4167 2629 4232 bella

315 4294 645 4356 novasque
688 4294 850 4356 quas
879 4279 1222 4357 exspectat
1257 4275 1571 4342 victorias
1609 4275 1706 4341 ita
1730 4275 2022 4341 celebrat
2051 4279 2267 4356 poeta,
2314 4277 2387 4339 ut
2413 4273 2627 4340 animo

312 4385 709 4467 triumphum
774 4385 1166 4467 praecipiat,
1245 4403 1433 4466 quem
1509 4384 1579 4450 in
1644 4383 1789 4449 sinu
1846 4401 2039 4449 carae
2117 4381 2307 4447 nixus
2368 4381 2628 4462 puellae

313 4498 730 4576 spectaturus
805 4494 928 4574 sit;
1009 4494 1078 4559 in
1139 4495 1221 4558 01.
1294 4493 1528 4559 deinde
1593 4498 1632 4557 6
1690 4491 1885 4557 Paeti
1952 4491 2143 4557 amici
2206 4494 2476 4556 mortem
2530 4489 2626 4556 ita
