3142 4984
1346 470 1678 552 ..-66
1767 503 1850 516 -

495 633 681 698 minis
720 635 1014 714 partibus
1055 635 1324 700 eandem
1351 635 1831 719 compositionis
1852 639 2078 703 valere
2099 621 2633 716 aequabilitatem
2655 645 2802 703 con-

494 741 723 806 tendit.
820 741 946 824 Qui
1006 746 1317 823 quantum
1364 763 1405 810 a
1444 763 1602 810 vero
1655 745 2061 811 aberraverit
2115 744 2396 810 dilucide
2439 745 2800 827 apparebit,

494 851 547 914 si
588 869 689 916 vv.
736 855 1013 933 41—-48,
1069 869 1227 931 quos
1280 856 1353 916 ut
1391 852 1930 934 aequabilitatem
1978 853 2159 919 illam
2205 855 2626 944 membrorum
2666 853 2806 919 effi-

494 963 693 1040 ceret,
738 963 883 1039 post
927 978 987 1025 v.
1042 965 1117 1024 12
1162 959 1458 1039 inseruit,
1520 979 1702 1027 suum
1749 961 1957 1026 locum
2002 967 2228 1027 tenere
2271 965 2421 1043 post
2461 981 2522 1028 v.
2571 965 2656 1027 40
2699 962 2806 1027 de-

400 1135 407 1143 ,
494 1071 959 1133 monstravero,
1026 1067 1209 1150 Quae
1254 1069 1555 1149 quoniam
1599 1075 1904 1151 spectant
1939 1070 2020 1134 ad
2068 1069 2462 1152 singulorum
2505 1087 2806 1137 versuum

493 1180 690 1256 atque
712 1176 1184 1242 sententiarum
1231 1177 1405 1243 inter
1448 1195 1517 1243 se
1555 1175 2066 1257 cohaerentiam,
2113 1177 2196 1242 ad
2241 1178 2808 1270 contemplandum

493 1285 966 1358 sententiarum
1024 1303 1257 1350 nexum
1312 1289 1740 1369 transeamuS,
1804 1303 1992 1365 quem
2050 1286 2172 1350 hoc
2229 1285 2297 1350 in
2341 1285 2626 1352 carmine
2665 1303 2806 1367 per-

493 1411 714 1474 peram
745 1409 887 1458 esse
932 1398 1261 1459 servatum
1298 1393 1680 1459 Lachmann
1719 1393 1786 1457 in
1833 1393 1928 1461 ed.
1963 1412 2061 1474 pr.
2094 1393 2428 1461 indicavit.
2489 1393 2608 1459 Vir
2637 1393 2806 1460 enim

491 1501 605 1566 ille
648 1500 1073 1583 doctissimus,
1124 1501 1233 1580 qui
1274 1500 1340 1566 in
1380 1502 1527 1567 adn.
1572 1501 1658 1567 ad
1702 1501 1782 1582 V,
1835 1506 1890 1583 1,
1940 1505 1996 1584 1,
2039 1500 2190 1581 quia
2222 1502 2410 1583 plura
2447 1501 2636 1567 huius
2658 1501 2809 1565 libri

495 1609 783 1674 carmina
842 1629 882 1674 a
937 1613 1132 1690 poeta
1204 1628 1329 1674 non
1399 1611 1532 1675 sint
1595 1610 1954 1692 elaborata,
2019 1627 2249 1676 versus
2309 1611 2562 1691 quoties
2616 1614 2806 1691 rupto

496 1716 967 1782 sententiarum
1032 1716 1139 1782 filo
1204 1735 1333 1781 non
1392 1717 1559 1782 bene
1621 1718 2036 1796 cohaereant,
2108 1717 2340 1799 spatiis
2405 1717 2810 1783 intermediis

496 1825 723 1890 vacuis
772 1823 1023 1890 relictis
1087 1843 1172 1890 se·
1210 1842 1353 1889 esse
1412 1825 1868 1889 distincturum
1915 1824 2095 1908 dicit,
2152 1831 2375 1892 nostro
2418 1825 2486 1890 in
2526 1825 2809 1890 carmine

496 1932 747 2014 signum
792 1932 954 1998 illud
986 1931 1201 1996 decies
1241 1931 1428 2017 ponit
1460 1934 1660 2011 atque
1701 1931 1768 1997 in
1813 1931 1960 1997 adn.
2001 1933 2085 1996 ad
2130 1950 2239 1998 VV.
2285 1939 2364 1998 12
2412 1936 2480 1997 et
2523 1935 2604 1996 41
2647 1932 2811 1996 haec

411 2080 413 2083 -
498 2040 710 2104 omnia
756 2041 924 2105 male
969 2039 1142 2104 inter
1183 2056 1256 2104 se
1305 2039 1654 2104 cohaerere
1697 2039 2051 2106 contendit.

702 2189 853 2254 Jam
899 2189 965 2253 in
1000 2189 1342 2271 prooemiO,
1388 2189 1497 2255 ubi
1537 2190 1658 2254 hoc
1704 2189 1958 2272 signum
1997 2189 2361 2256 invenimus
2394 2194 2542 2270 post
2577 2206 2680 2256 vv.
2732 2193 2811 2253 10

502 2304 571 2363 et
622 2305 699 2363 18
749 2299 828 2362 (16
873 2302 1062 2378 rupto
1107 2297 1580 2362 sententiarum
1627 2315 1797 2362 nexu
1841 2297 2095 2363 omnino
2141 2296 2419 2380 cogitari
2460 2315 2587 2362 non
2626 2315 2812 2378 posse

502 2425 600 2488 ea,
644 2423 813 2486 quae
849 2405 930 2470 de
971 2405 1159 2469 huius
1204 2404 1456 2487 elegiae
1498 2404 1709 2486 partis
1750 2405 2016 2470 consilio
2057 2404 2398 2470 attulimus
2441 2404 2695 2486 docent,
2737 2407 2814 2468 ut

499 2515 767 2580 verbum
816 2513 1057 2578 addere
1109 2512 1221 2579 vix
1272 2531 1431 2594 opus
1476 2512 1582 2577 sit.
1673 2512 1840 2578 Nam
1885 2531 2164 2595 causam,
2223 2531 2415 2594 quam
2458 2512 2544 2577 ad
2588 2510 2814 2577 confir-

500 2623 801 2687 mandam
846 2639 1026 2687 suam
1072 2620 1468 2687 senteutiam
1503 2618 1702 2685 affert
1727 2620 2036 2702 'Lachm.,
2084 2638 2210 2686 non
2261 2621 2426 2685 bene
2466 2620 2814 2685 cohaerere

502 2733 664 2796 haec
700 2730 931 2812 omnia,
978 2728 1129 2810 quia
1173 2747 1237 2797 v.
1289 2735 1365 2794 19
1408 2729 1746 2794 mendacia
1781 2728 2090 2810 appellet,
2138 2746 2304 2814 quae
2339 2732 2540 2794 antea
2568 2731 2644 2792 ut
2671 2745 2814 2808 pro-

502 2837 746 2903 babilia
787 2837 1077 2918 posuerit
1119 2842 1345 2919 poeta,
1380 2837 1464 2902 ad
1498 2835 1753 2901 irritum
1782 2836 1920 2920 jam
1957 2854 2098 2902 esse
2122 2835 2814 2920 redactamconcedeS,

505 2947 560 3011 si
600 2948 721 3012 hoc
760 2946 966 3028 ipsum
1010 2945 1110 3010 his
1151 2945 1451 3012 versibus
1495 2963 1697 3028 agere
1739 2949 2017 3026 poetam,
2062 2948 2136 3009 ut
2166 2944 2372 3014 falsas
2408 2943 2512 3008 dei
2541 2942 2818 3008 nominis

506 3053 973 3136 explicationes
1014 3053 1284 3134 refutet,
1332 3052 1864 3119 consideraveris.
1937 3051 2122 3134 Quod
2162 3056 2237 3117 ut
2281 3051 2532 3118 efficiat
2575 3054 2818 3115 utram-

506 3182 649 3244 que,
696 3181 885 3242 quam
930 3161 1337 3227 refutaturus
1381 3167 1483 3227 est
1520 3161 2021 3242 explicationem
2071 3165 2260 3242 „seu“
2298 3159 2626 3241 particula
2671 3175 2818 3223 con-

500 3272 796 3353 Junctam
821 3269 1120 3352 proponit
1152 3287 1258 3336 vv.
1292 3275 1523 3352 3-18,
1556 3275 1626 3333 et
1646 3287 1704 3336 v.
1743 3275 1816 3333 19
1850 3272 2192 3348 utramque
2215 3285 2357 3332 esse
2379 3265 2615 3344 falsam
2640 3265 2819 3330 dicit.

716 3443 997 3508 Mediam
1046 3441 1348 3508 carminis
1386 3446 1662 3524 partem,
1709 3458 1900 3520 quam
1945 3457 2071 3504 non
2101 3438 2240 3504 sine
2265 3437 2486 3517 aliqua
2505 3440 2651 3504 arte
2676 3454 2821 3501 esse

510 3552 926 3633 compositam
990 3569 1183 3632 supra
1254 3549 1702 3631 indicavimuS,
1761 3548 1887 3614 hac
1945 3547 2136 3613 laude
2199 3542 2488 3627 privavit
2533 3543 2816 3625 Lachm.,

512 3678 655 3725 cum
696 3659 927 3740 spatiis
953 3659 1127 3724 inter
1158 3659 1417 3742 singula
1452 3657 1733 3725 disticha
1760 3657 1986 3725 vacuis
2014 3655 2257 3737 septies
2281 3653 2530 3720 relictis
2563 3657 2632 3719 et
2667 3653 2816 3719 adn.

510 3768 595 3834 ad
653 3785 713 3834 v.
772 3772 855 3832 41
916 3785 1215 3834 versuum
1271 3767 1447 3832 inter
1502 3785 1573 3833 se
1633 3763 2114 3833 cohaerentiam
2156 3781 2418 3846 prorsus
2465 3759 2822 3828 desiderari

511 3875 928 3959 significaret.
1015 3875 1205 3941 Hanc
1263 3875 1670 3942 Lachmanni
1728 3872 2123 3941 senteutiam
2179 3873 2278 3938 ita
2333 3873 2566 3955 probat
2619 3869 2822 3934 Luet-

505 3985 771 4068 johann,
818 3989 893 4050 ut
934 3984 978 4049 1.
1024 3984 1066 4049 l.
1107 4003 1167 4065 p.
1196 3989 1296 4066 35,
1338 4003 1445 4051 vv.
1487 3989 1565 4048 41
1615 4003 1752 4064 sqq.
1790 3983 1969 4068 justo
2007 3983 2147 4048 loco
2188 3981 2321 4064 legi
2348 3984 2552 4064 negat
2583 3995 2822 4058 eosque

514 4096 663 4173 post
706 4109 765 4159 v.
818 4098 896 4158 12
937 4092 1274 4174 transponi
1305 4093 1552 4176 jubeat.
1642 4091 1860 4175 Quare
1906 4091 2342 4172 quaerendum
2385 4094 2488 4155 est
2525 4087 2820 4170 primum,

514 4220 665 4266 num
694 4219 927 4266 revera
964 4201 1435 4267 sententiarum
1467 4219 1673 4266 nexus
1710 4201 1968 4283 saepius
2011 4200 2078 4265 in
2123 4201 2246 4266 hac
2292 4197 2598 4264 carminis
2631 4204 2824 4279 parte

516 4309 603 4374 sit
645 4307 1069 4391 interruptus,
1116 4309 1348 4375 deinde
1390 4326 1539 4373 num
1570 4327 1681 4375 vv.
1722 4313 1977 4375 41—46
2019 4327 2062 4374 a
2105 4308 2264 4389 loco,
2313 4324 2500 4387 quem
2524 4303 2826 4370 obtinent

516 4415 585 4479 in
632 4417 817 4482 libris
858 4435 1007 4484 mss.
1055 4417 1151 4482 ita
1194 4417 1329 4483 sint
1356 4416 1587 4500 alieni,
1633 4421 1706 4483 ut
1746 4417 1815 4483 in
1855 4415 2053 4483 aliam
2085 4416 2302 4482 sedem
2327 4433 2439 4482 eos
2477 4411 2826 4490 transferri

521 4542 787 4590 necesse
826 4526 927 4590 sit.
