3142 4984
1438 421 1862 481 ...60-

498 581 817 661 prioribus
862 583 1045 648 libris
1092 603 1131 648 a
1172 584 1553 670 levioribUS,
1617 607 1783 669 quae
1827 595 1969 656 tota
2015 595 2360 658 versantur
2395 591 2462 656 in
2511 607 2800 656 amorum

492 689 739 756 lusibus
819 695 1018 771 atque
1086 693 1401 778 lasciviis,
1480 698 1986 780 progrediuntur
2061 700 2145 765 ad
2226 699 2532 782 graviora
2599 704 2799 779 atque

494 799 878 883 austeriora,
924 801 1127 867 donec
1161 821 1379 870 omnes
1410 805 1561 870 libri
1583 806 1646 872 V
1670 806 1940 890 elegiae,
1983 809 2166 874 modo
2191 825 2302 874 eas
2326 807 2800 888 contempleris,

490 909 913 999 quae—quod
928 910 1155 976 statim
1168 928 1655 993 exponam—ex
1669 918 2023 998 temporum
2038 917 2292 982 ratione
2303 916 2452 982 huic
2466 917 2628 982 libro
2647 919 2802 982 sunt

489 1015 932 1100 ascribendae,
978 1018 1231 1100 spirant
1256 1039 1566 1088 summam
1597 1024 1995 1106 gravitatem
2015 1026 2337 1105 animique
2361 1024 2800 1104 altitudinem,

486 1129 656 1204 'quae
718 1124 955 1191 decent
1006 1127 1325 1194 hominem
1368 1130 1548 1197 vitae
1607 1131 2162 1199 vicissitudinibus
2217 1134 2493 1200 doctum.
2579 1133 2802 1211 Atque

488 1232 595 1298 hic
638 1238 990 1300 concentus
1036 1253 1527 1321 consensusque,
1577 1240 1685 1319 qui
1728 1239 1902 1308 inter
1942 1241 2336 1322 singulorum
2381 1241 2687 1306 librorum
2730 1245 2802 1304 et

490 1339 655 1406 artis
701 1343 1011 1408 metricae
1054 1348 1670 1428 etargumentorum
1703 1349 2020 1414 rationem
2066 1354 2201 1415 tam
2239 1349 2578 1430 perspicue
2601 1349 2802 1412 inter-

493 1449 688 1532 cedit,
734 1450 1507 1546 locupletissimummihi
1551 1474 1695 1520 esse
1740 1457 2002 1523 videtur
2045 1457 2514 1538 documentum,
2561 1460 2628 1521 et
2669 1455 2802 1520 ele-

494 1557 679 1640 giae,
736 1557 966 1637 quibus
1010 1578 1299 1642 „causas
1316 1567 1352 1598 ‘⁴
1394 1563 1608 1645 aperit
1643 1569 1872 1646 poeta,
1943 1569 2011 1630 et
2067 1583 2284 1630 omnes
2344 1564 2494 1630 illas
2542 1562 2692 1628 libri
2741 1562 2802 1626 V

494 1665 760 1748 elegiaS,
804 1684 970 1746 quae
1016 1667 1173 1732 item
1210 1686 1511 1734 versuum
1558 1672 1956 1755 elegantiam
1985 1678 2053 1738 et
2073 1675 2598 1756 argumentorum
2621 1671 2806 1736 illam

490 1773 888 1856 gravitatem
931 1793 1089 1856 prae
1131 1793 1201 1840 se
1224 1775 1463 1858 ferunt,
1511 1778 1598 1843 ad
1620 1785 1912 1849 extrema
1937 1780 2262 1862 Propertii
2283 1779 2462 1846 vitae
2505 1783 2803 1859 tempora

489 1898 631 1946 esse
674 1881 1035 1948 referenda.

699 2008 884 2092 Quod
930 2012 1116 2077 modo
1163 2012 1297 2078 dixi
1340 2017 1631 2080 testatur
1651 2014 1921 2095 primum
1969 2015 2050 2081 el.
2087 2014 2165 2093 V,
2197 2021 2296 2098 11,
2339 2033 2506 2094 quae
2547 2035 2606 2080 a.
2653 2021 2798 2099 738,

490 2120 779 2184 extremo
823 2118 963 2184 fere
1005 2119 1330 2203 Propertii
1371 2121 1553 2188 vitae
1597 2127 1906 2204 tempore,
1954 2123 2200 2206 scripta
2225 2124 2272 2210 ι)
2319 2129 2388 2188 et
2431 2125 2805 2206 argumenti

492 2226 827 2308 gravitate
872 2228 1136 2294 excellit
1180 2235 1249 2296 et
1285 2230 1633 2312 elegantiis
1673 2231 1960 2296 metricis
1988 2250 2132 2296 cum
2175 2233 2280 2297 ell.
2337 2238 2389 2296 1.
2435 2238 2490 2298 2.
2533 2235 2594 2297 4.
2643 2235 2804 2296 cett.

489 2353 753 2416 prorsus
816 2337 1158 2405 consentit.
1268 2338 1449 2404 Idem
1518 2339 1904 2406 confirmant
1977 2341 2208 2406 deinde
2263 2341 2554 2420 reliquae
2615 2340 2807 2406 huius

486 2442 639 2508 libri
660 2443 931 2526 elegiae,
962 2463 1232 2524 quarum
1253 2445 1408 2511 illae
1436 2447 1541 2532 (V,
1572 2453 1631 2513 3.
1657 2451 1738 2530 7),
1786 2467 1947 2528 quas
1972 2466 2054 2512 ex
2077 2448 2275 2514 certis
2296 2453 2414 2514 aut
2443 2452 2804 2529 temporum

492 2556 609 2618 aut
648 2570 988 2618 causarum
1032 2553 1329 2636 vestigiis
1367 2555 1744 2636 posterioris
1791 2557 2079 2639 ejusdem
2121 2556 2364 2624 aetatis
2409 2574 2552 2621 esse
2594 2559 2804 2637 patet,

489 2659 825 2739 utriusque
868 2659 1088 2743 huiuS,
1152 2661 1320 2741 quod
1383 2662 1774 2745 elegiarum,
1838 2666 1914 2728 ut
1946 2664 2042 2728 ita
2079 2663 2314 2740 dicam,
2367 2663 2806 2728 Romanarum

489 2773 593 2834 est
648 2767 992 2850 proprium,
1054 2769 1440 2835 discriminis
1492 2777 1644 2834 sunt
1678 2771 2051 2853 participes.
2143 2771 2245 2835 El.
2301 2770 2499 2836 lenim
2547 2775 2582 2834 3
2632 2773 2699 2834 et
2744 2775 2802 2851 7,

490 2895 759 2957 quarum
803 2881 1144 2956 utramque
1206 2882 1355 2958 post
1413 2897 1694 2943 amorem
1757 2896 1899 2944 esse
1949 2877 2259 2961 scriptam
2303 2881 2372 2942 et
2415 2877 2808 2943 Parthorum

490 2985 648 3051 belli
681 2985 1223 3068 commemoratio,
1271 3005 1437 3066 quae
1478 2987 1655 3051 inest
1696 2987 1764 3052 in
1800 2988 1878 3052 el.
1929 2992 1986 3067 3,
2033 2991 2101 3051 et
2145 2987 2221 3050 el.
2268 2991 2304 3051 '7
2349 2989 2805 3067 argumentum

489 3095 730 3177 ipsum,
799 3111 923 3173 quo
980 3092 1265 3175 Cynthia
1327 3099 1583 3160 mortua
1652 3089 2011 3176 inducitur,
2058 3095 2327 3176 docent,
2385 3093 2678 3173 quamvis
2733 3093 2804 3158 in

488 3200 825 3268 amatoriis
883 3205 1229 3267 versentur
1291 3195 1728 3284 argumentiS,
1802 3204 2024 3267 tamen
2095 3221 2136 3266 a
2197 3200 2434 3266 ceteris
2493 3190 2807 3284 ejusmodi

492 3308 721 3392 elegiis
759 3307 1204 3388 Propertianis
1241 3310 1556 3375 recedunt
1593 3310 1824 3375 sedata
1871 3313 1939 3374 et
1981 3307 2156 3375 virili
2195 3307 2543 3374 affectuum
2586 3308 2808 3390 gravi-

490 3421 637 3482 tate
678 3417 874 3497 plane
922 3415 1180 3482 diversa
1225 3435 1266 3481 a
1312 3416 1530 3483 furore
1573 3418 1688 3483 illo
1727 3421 1926 3497 atque
1969 3421 2159 3482 aestu
2203 3415 2548 3498 amatorio,
2616 3435 2809 3496 quem

490 3523 559 3589 in
600 3523 884 3605 priorum
924 3523 1232 3588 librorum
1291 3524 1521 3606 elegiis
1579 3543 1707 3590 non
1766 3522 2074 3590 admirari
2126 3542 2254 3588 non
2297 3542 2654 3605 possumus,
2743 3505 2809 3588 Ᾰ

414 3697 419 3702 ,
494 3651 566 3697 16
598 3635 819 3696 autem
851 3630 1123 3696 metrica
1142 3650 1285 3696 cum
1312 3632 1486 3698 haud
1513 3632 1614 3698 ita
1644 3633 1849 3697 multo
1887 3637 2033 3712 post
2059 3631 2408 3714 Cynthiam
2431 3631 2812 3697 abdicatam

496 3745 563 3806 et
606 3739 823 3805 nescio
870 3758 955 3804 an
1000 3744 1156 3805 ante
1204 3740 1309 3805 ell.
1349 3739 1428 3823 V,
1489 3746 1543 3807 ].
1592 3747 1650 3806 2.
1689 3744 1750 3811 4.
1795 3744 1952 3805 cett.
2009 3739 2142 3805 sint
2184 3740 2612 3822 compositae,
2676 3758 2812 3806 non

492 3867 755 3931 prorsus
819 3867 962 3913 cum
1027 3847 1127 3914 his
1196 3847 1644 3930 consentiunt,
1716 3851 1790 3913 at
1849 3866 2058 3928 pauca
2122 3847 2440 3928 praebent
2509 3848 2814 3928 exempla

492 3956 801 4024 licentiae
839 3955 1183 4039 metricae,
1242 3975 1407 4038 quae
1448 3957 1515 4021 in
1556 3955 1876 4038 prioribus
1920 3954 2102 4019 libris
2145 3953 2582 4022 inveniuntur.
2673 3955 2809 4020 ΕΠ.

491 4085 647 4134 vero
692 4071 729 4135 5
776 4069 845 4131 et
877 4072 937 4147 8,
985 4083 1145 4144 quas
1190 4065 1457 4148 vigente
1498 4083 1715 4130 amore
1760 4063 2040 4144 scriptas
2083 4063 2162 4128 ob
2204 4066 2593 4144 argumenta
2639 4061 2814 4129 satis

499 4173 717 4255 turpia
772 4192 812 4238 a
869 4177 1065 4254 poeta
1108 4190 1238 4237 non
1286 4189 1427 4237 esse
1482 4171 1695 4237 editas
1741 4171 2006 4252 scimuS,
2069 4188 2109 4234 a
2166 4168 2316 4234 libri
2357 4169 2417 4234 V
2469 4169 2816 4252 gravitate

497 4288 695 4361 atque
728 4279 1088 4349 severitate
1134 4279 1388 4345 alienae
1433 4279 1590 4345 illae
1629 4279 1904 4362 quidem,
1949 4279 2144 4360 plane
2188 4281 2408 4342 tamen
2452 4295 2813 4345 accommo-

711 4495 748 4558 ¹)
787 4491 850 4546 cf.
892 4491 1104 4562 Luetjh.
1145 4492 1181 4545 1.
1220 4493 1257 4546 1.
1293 4509 1343 4560 p.
1380 4493 1461 4544 91.
1532 4489 1750 4545 Hertzb.
1787 4490 1847 4554 Q.
1889 4491 1923 4542 l.
1959 4490 2060 4553 III,
2097 4505 2146 4558 p.
2185 4487 2305 4542 228.
