3142 4984
1357 478 1429 485 --.
1522 446 1766 505 62„-

603 609 753 676 Jam
801 627 1051 691 eorum,
1100 611 1210 690 qui
1252 609 1687 675 defenderunt
1731 610 1836 676 ell.
1882 611 2031 676 illas
2075 608 2151 690 V,
2219 616 2279 691 1,
2345 615 2402 674 2.
2450 620 2508 675 4.
2557 613 2719 674 cett.

400 717 859 802 KrahneruS,¹)
906 721 1245 798 postquam
1279 717 1557 783 omnium
1592 720 1816 784 horum
1852 717 2203 784 carminum
2243 718 2718 800 praestantiam

399 825 669 908 agnovit
712 826 812 892 his
855 825 1106 891 verbis:
1176 825 1416 908 „Seine
1454 826 1926 908 patriotischen
1970 826 2250 908 Elegien
2293 826 2436 892 sind
2479 825 2718 890 sicher-

399 934 531 998 lich
577 934 759 999 nicht
824 933 928 999 die
1001 933 1486 1000 schlechteste‘n
1532 931 1819 1001 Bliithen
1869 953 1953 1000 an
2013 936 2158 1000 dem
2202 933 2718 1000 lebensfrischen

400 1043 644 1108 Baume
692 1042 908 1107 seiner
947 1042 1191 1107 Poesie.
1286 1041 1503 1108 Wenn
1544 1063 1692 1109 man
1755 1042 1892 1109 sich
1933 1044 2122 1109 miide
2163 1043 2428 1126 gelesen
2473 1043 2591 1108 hat
2629 1062 2718 1108 an

401 1149 527 1214 den
572 1150 940 1216 erotischon
970 1149 1371 1215 Tandeleien
1415 1150 1598 1215 weilt
1639 1169 1787 1216 man
1836 1169 1998 1234 gern
2039 1151 2145 1216 bei
2181 1150 2396 1217 dieser
2431 1155 2716 1232 ernsten,

400 1257 527 1322 tief
582 1258 1058 1339 empfundenen
1120 1258 1253 1323 und
1318 1259 1809 1324 durchdachten
1873 1259 2302 1342 Darstellung
2365 1260 2719 1326 romischer

400 1364 640 1430 Grosse
684 1369 903 1446 cett.‚“
950 1365 1018 1429 in
1062 1365 1141 1432 el.
1187 1365 1266 1446 V,
1321 1373 1350 1430 1
1400 1371 1654 1447 pratem
1700 1337 1998 1448 priorem'
2023 1368 2158 1454 (vv.
2201 1371 2432 1450 1—70)
2478 1385 2718 1446 nequa-

398 1493 589 1553 quam
644 1474 913 1555 cadere,
975 1474 1141 1552 quod
1202 1474 1283 1538 de
1345 1473 1533 1540 huius
1589 1475 1738 1540 libri
1797 1475 2024 1558 elegiis
2074 1475 2385 1540 statuerit
2427 1475 2717 1556 Lachm.,

396 1580 559 1645 satis
604 1582 942 1661 perspicue
970 1581 1393 1647 demonstrat.
1460 1581 1670 1647 Huius
1710 1583 2029 1648 rationem
2070 1601 2186 1647 nos
2221 1582 2318 1648 ita
2357 1595 2716 1665 sequemur,

395 1693 470 1753 ut
516 1690 931 1754 ostendamus
974 1708 1057 1755 ne
1102 1690 1452 1754 secundam
1498 1690 1759 1770 quidem
1789 1690 1938 1755 libri
1976 1677 2036 1756 V
2060 1691 2338 1774 elegiam
2373 1691 2719 1758 verboru-m

396 1785 595 1878 atque‘
640 1798 1117 1864 sententiarum
1164 1797 1628 1864 concinnitatis
1673 1799 1866 1865 laude
1914 1817 2157 1865 carere.

605 1927 707 1990 El.
734 1926 814 2008 V,
840 1933 876 1993 2
905 1931 1361 2010 argumentum
1393 1927 1673 2008 positum
1701 1947 1843 1994 esse
1876 1928 1942 1994 in
1973 1927 2358 2010 explicanda
2377 1926 2719 1992 Vertumni

401 2035 504 2100 dei
549 2034 825 2100 nominis
852 2034 1101 2118 origine
1134 2052 1237 2102 vv.
1268 2041 1562 2102 10—12.
1617 2042 1718 2102 19.
1763 2043 1864 2103 20.
1911 2040 2010 2103 47.
2057 2040 2138 2101 48
2185 2040 2414 2117 aperte
2459 2036 2716 2100 docent.

396 2145 615 2222 Atque
668 2161 728 2209 v.
796 2148 848 2207 1.
913 2143 1137 2208 statim
1192 2143 1296 2208 dei
1369 2144 1643 2210 nominis
1711 2164 1974 2211 causam
2045 2144 2346 2210 universe
2414 2143 2717 2226 proponit

394 2257 621 2333 poeta,
682 2270 824 2316 cum
878 2251 1067 2316 deum
1126 2251 1187 2316 ei
1229 2255 1727 2333 respondentem
1769 2253 2048 2333 inducit,
2116 2252 2225 2332 qui
2282 2257 2384 2318 tot
2455 2252 2521 2317 in
2587 2269 2716 2317 uno

395 2378 659 2442 corpore
700 2360 1242 2442 comprehendere
1285 2361 1467 2426 illum
1503 2361 1774 2442 formaS,
1828 2363 2118 2427 miratur.
2211 2359 2328 2426 Cui
2371 2364 2715 2442 postquam

402 2485 462 2534 v.
509 2475 581 2551 2,
628 2468 858 2548 quibus
902 2469 1095 2533 rebus
1138 2469 1246 2534 vel
1292 2469 1497 2552 signis
1536 2469 1605 2535 in
1643 2469 1861 2551 patria
1907 2488 2026 2535 sua
2065 2473 2595 2552 cognosceretur,
2643 2485 2715 2534 se

393 2595 536 2642 esse
581 2582 995 2642 enaraturum
1040 2576 1197 2641 deus
1240 2576 1425 2660 dixit,
1472 2577 1785 2660 versibus,
1843 2578 1950 2659 qui
2012 2581 2357 2658 sequntur,
2401 2577 2715 2644 nonnulla

396 2685 476 2750 de
523 2685 741 2766 patria
784 2704 919 2767 sua,
968 2686 1049 2750 de
1091 2689 1401 2768 tempore,
1440 2704 1563 2765 quo
1603 2686 1718 2751 illa
1759 2685 1993 2751 relicta
2036 2690 2166 2768 (vv.
2203 2691 2259 2750 3.
2293 2689 2377 2768 4.)
2443 2685 2716 2750 Romam
2801 2673 2812 2678 ’

394 2793 986 2876 transmigraverit,
1034 2793 1113 2858 de
1150 2793 1290 2859 loco
1337 2794 1446 2858 ubi
1488 2793 1626 2858 illic
1671 2793 1925 2876 signum
1969 2813 2152 2860 suum
2195 2793 2283 2859 sit
2326 2794 2714 2859 collocatum

397 2901 527 2986 (vv.
578 2901 777 2988 5—8)
820 2901 1031 2967 affert.
1120 2901 1265 2966 Hac
1312 2901 1453 2983 ipsa
1510 2902 1637 2967 loci
1688 2901 2120 2983 descriptione
2177 2920 2318 2967 cum
2381 2905 2713 2983 tamquam

397 3009 670 3075 fortuito
710 3009 795 3074 ad
840 3029 982 3074 eam
1026 3009 1303 3075 nominis
1339 3009 1438 3075 sui
1478 3009 1981 3091 explicationem
2026 3009 2114 3074 sit
2159 3010 2495 3091 delapsuS‚
2545 3027 2713 3088 quae

398 3117 567 3184 falso
612 3117 1192 3183 circumferebatur
1236 3120 1371 3204 (vv.
1412 3125 1471 3186 9.
1526 3119 1674 3204 10.)‚
1725 3136 1831 3184 vv.
1883 3123 2054 3182 11-
2084 3124 2161 3183 18
2205 3119 2483 3184 alteram
2527 3116 2714 3182 addit

397 3245 680 3308 causam,
727 3225 897 3290 unde
940 3224 1200 3305 quidam
1245 3225 1519 3290 nominis
1562 3225 1663 3291 sui
1698 3225 2012 3308 originem
2051 3228 2391 3306 repetant,
2434 3224 2714 3304 denique

394 3354 453 3402 v.
512 3340 589 3400 19
644 3338 921 3413 utraque
976 3332 1410 3414 explicatione
1470 3339 1545 3400 ut
1609 3334 1780 3400 falsa
1820 3333 2068 3416 rejecta
2118 3351 2176 3398 v.
2223 3338 2325 3415 20,
2388 3350 2552 3412 quae
2623 3331 2713 3397 sit

397 3441 671 3507 nominis
716 3441 817 3506 sui
856 3440 1035 3523 origo
1082 3459 1151 3505 se
1193 3441 1400 3522 ipsum
1434 3460 1578 3506 esse
1605 3443 2004 3523 prolaturum
2031 3440 2428 3522 pronuntiat.
2493 3442 2711 3520 Atque

396 3529 557 3614 ¹haec
602 3548 947 3613 Vertumni
994 3547 1377 3630 explicatio,
1441 3567 1634 3628 quam
1691 3554 1767 3615 ut
1810 3566 2033 3615 veram
2087 3566 2231 3613 esse
2289 3551 2587 3628 putemus
2633 3566 2710 3612 eo

396 3657 787 3738 persuadere
833 3655 1017 3720 nobis
1061 3659 1315 3737 poetam
1345 3656 1517 3722 velle
1560 3660 1854 3739 apparet,
1903 3657 2071 3736 quod
2110 3657 2297 3720 deum
2332 3655 2538 3736 ipsum
2567 3673 2710 3719 eam

398 3767 675 3847 probare
724 3763 975 3847 fingit,
1010 3764 1382 3829 continetur
1428 3782 1532 3831 vv·
1584 3769 1882 3841 212-46.
1972 3763 2123 3830 Jam
2168 3781 2320 3829 vero
2365 3781 2704 3842 quamnam

396 3875 478 3940 ad
532 3892 667 3939 rem
728 3872 1073 3938 referenda
1118 3871 1207 3938 sit
1248 3872 1521 3938 nominis
1579 3873 1679 3938 sui
1732 3872 1910 3955 origo
1968 3872 2203 3936 iterum
2260 3869 2462 3951 primo
2522 3870 2712 3935 huius

395 3983 601 4064 partis
666 3979 943 4046 disticho
1010 3979 1311 4046 universe
1377 3981 1628 4047 indicat
1686 3981 1873 4062 deUS,
1937 3998 2079 4046 cum
2144 3979 2336 4055 dicit,
2403 3983 2705 4044 naturam

395 4109 575 4156 suam
633 4089 738 4154 vel
790 4107 859 4154 se
923 4088 1132 4169 ipsum
1204 4088 1493 4154 omnibus
1548 4089 1776 4172 figuris
1837 4106 1980 4153 esse
2031 4092 2287 4168 aptum,
2355 4085 2452 4151 ita
2509 4091 2584 4150 ut
2638 4085 2705 4150 111

396 4197 752 4278 quamlibet
796 4197 967 4263 verti
1012 4195 1232 4276 possit.
1311 4196 1523 4262 Causa
1550 4198 1648 4263 ita
1680 4197 2046 4263 summatim
2074 4196 2284 4261 allata
2309 4199 2382 4259 ut
2403 4197 2704 4259 naturam

396 4326 575 4385 suam
636 4305 927 4370 omnibus
1000 4323 1143 4369 esse
1197 4310 1622 4386 opportunam
1672 4306 1898 4389 figuris
1955 4305 2219 4385 doceat,
2276 4320 2378 4370 VV.
2429 4307 2704 4368 23-46

606 4518 644 4585 ι>
684 4516 875 4573 Philol.
910 4517 1135 4583 xxvn,
1170 4490 1219 4586 ρ.
1256 4519 1336 4572 61.
