3142 4984
1528 412 1952 474 „20-

580 601 907 683 deplorat,
956 605 1031 666 ut
1074 605 1415 682 postquam
1458 601 1808 666 avaritiam
1827 651 1842 678 ,
1886 603 1990 666 tot
2035 601 2346 678 malorum
2391 619 2672 682 causam,
2719 619 2891 680 quae

586 710 792 777 amico
836 726 1086 790 quoque
1122 708 1433 790 perniciei
1490 708 1759 790 fuisset,
1817 709 2190 789 accusavit,
2251 708 2318 774 in
2363 709 2624 774 solitum
2670 714 2906 774 carmi-

584 838 737 884 num
782 835 1038 884 suorum
1078 817 1309 883 redeat
1351 819 1569 884 orbem
1613 817 1712 882 his
1756 818 2010 885 vorbis:

961 949 1066 1015 „At
1102 952 1181 1012 tu,
1224 963 1378 1002 saeve
1413 948 1612 1016 aquilQ
1649 965 1936 1016 numquam
1973 965 2090 1002 mea
2127 949 2248 1002 vela
2286 947 2520 1002 videbis:

1094 1037 1233 1091 Ante
1268 1037 1406 1091 fores
1440 1037 1684 1091 dominae
1722 1038 1918 1092 condar
1954 1041 2167 1108 oportet
2203 1039 2343 1093 iners
2359 1039 2402 1100 ;“

580 1131 647 1196 in
666 1130 745 1195 el.
776 1128 1053 1209 denique
1076 1134 1117 1192 4
1138 1128 1290 1193 inde
1304 1147 1590 1208 exorsuS‚
1618 1129 1787 1208 quod
1807 1128 1952 1211 ipsi,
1978 1129 2084 1195 cui
2095 1134 2322 1210 utpote
2342 1128 2593 1194 amanti
2612 1147 2742 1209 pax
2759 1127 2901 1192 sola

580 1238 759 1303 cordi
780 1243 975 1318 esset,
1004 1254 1132 1301 non
1152 1235 1279 1301 nisi
1302 1255 1445 1301 cum
1466 1236 1688 1316 puella
1702 1243 1924 1301 amata
1948 1237 2122 1302 bella
2153 1241 2372 1302 essent
2389 1235 2698 1318 gerenda,
2723 1239 2899 1315 post-

580 1365 771 1426 quam
794 1344 861 1410 in
888 1362 1109 1410 eorum
1137 1344 1439 1412 invectus
1476 1350 1580 1408 est
1607 1345 1909 1427 studium,
1934 1345 2044 1425 qui
2069 1345 2331 1411 summis
2354 1363 2496 1409 cum
2523 1343 2705 1409 vitae
2726 1343 2898 1425 peri-

578 1455 741 1520 culis
768 1453 1037 1519 divitias
1075 1452 1198 1518 sibi
1232 1458 1604 1533 quererent,
1651 1470 1722 1518 se
1753 1452 1971 1534 potius
1995 1454 2169 1520 velle
2199 1460 2269 1518 et
2298 1453 2519 1518 bibere
2547 1457 2614 1516 et
2659 1469 2897 1516 canere

578 1569 649 1628 et
690 1578 913 1627 amare
940 1560 1118 1641 dicit,
1147 1561 1352 1626 donec
1379 1564 1567 1626 aetas
1598 1562 1724 1626 hac
1753 1560 2018 1628 vivendi
2040 1561 2297 1626 ratione
2330 1561 2539 1642 ipsum
2579 1559 2896 1625 desistere

572 1672 821 1756 jubeat.
2055 1689 2062 1695 ·

786 1778 863 1842 In
927 1782 1063 1842 tres
1116 1778 1265 1850 has,
1325 1795 1594 1856 quarum
1639 1783 2031 1861 argumenta
2085 1777 2609 1844 adumbravimus
2653 1778 2900 1860 elegias

580 1884 817 1950 cadere
874 1883 1055 1965 illud,
1120 1883 1288 1965 quod
1350 1885 1429 1949 de
1487 1885 1613 1967 ΙΙΙ,
1681 1892 1761 1952 23
1822 1890 1891 1951 et
1949 1893 2030 1951 29
2086 1886 2389 1951 diximus:
2452 1891 2731 1968 poetam,
2788 1884 2899 1950 ubi

576 1991 916 2058 occasione
954 1986 1115 2057 data
1158 1996 1529 2074 argumtum
1574 2011 1616 2057 a
1659 1993 1872 2075 poesis
1913 2011 2069 2060 suae
2105 1994 2361 2059 ratione
2407 1993 2690 2058 alienum
2725 1996 2899 2057 trac-

580 2102 849 2166 tandum
891 2100 1016 2181 ipsi
1052 2099 1383 2182 offeratur,
1425 2101 1547 2166 hoc
1588 2102 1953 2175 arctissime
1988 2107 2377 2169 connectere
2405 2121 2549 2167 cum
2574 2101 2900 2166 amoribus

580 2209 733 2291 51115,
792 2227 918 2274 000
971 2213 1074 2273 est
1118 2208 1286 2288 quod
1330 2227 1642 2274 moneam.
1731 2210 1916 2276 Haec
1973 2216 2192 2276 autem
2254 2209 2563 2290 carmina,
2625 2227 2769 2274 cum
2813 2210 2896 2273 ad

576 2336 796 2383 eorum
838 2335 1171 2382 numerum
1215 2316 1348 2382 sint
1388 2317 1757 2400 referenda,
1792 2318 2037 2400 ‚quibus
2080 2336 2325 2384 omnem
2372 2322 2608 2398 poetae
2649 2317 2895 2399 cogita-

577 2426 819 2492 tionem
865 2423 950 2488 ad
996 2422 1321 2505 Cynthiae
1365 2430 1668 2506 spectare
1724 2445 2007 2491 amorem
2047 2427 2367 2506 docemur,
2430 2443 2596 2504 quae
2638 2427 2896 2490 restant

575 2533 829 2615 elegiae
883 2534 1015 2618 (10.
1080 2538 1176 2598 12.
1241 2539 1335 2598 13.
1401 2538 1498 2600 16.
1566 2539 1667 2599 18.
1734 2540 1829 2599 17.
1890 2539 1989 2598 11.
2035 2535 2165 2620 22.)
2212 2552 2306 2612 00,
2355 2532 2524 2613 quod
2571 2531 2896 2614 Cynthiae

580 2641 941 2729 amorisque
980 2645 1214 2722 poetae
1244 2641 1518 2722 primum
1542 2660 1711 2724 rare,
1756 2642 1990 2707 deinde
2029 2641 2203 2707 nulla
2241 2641 2319 2707 fit
2349 2642 2610 2723 mentio,
2659 2645 2893 2722 poetae

577 2767 857 2815 amorem
902 2748 1233 2813 immutari
1277 2749 1661 2814 documento
1707 2766 1850 2813 esse
1889 2754 2180 2829 possunt.

736 2858 1001 2936 Atque
1046 2857 1319 2938 primum
1359 2857 1422 2921 in
1452 2856 1557 2922 011
1608 2863 1705 2922 18.
1751 2861 1984 2924 12.13.
2030 2876 2157 2936 qua
2189 2874 2386 2923 causa
2415 2801 2649 2921 adduci
2688 2854 2892 2936 possit

579 2927 975 3048 PropertiuS,
1018 2969 1093 3030 ut
1125 2965 1474 3047 Cynthiam
1514 2965 1845 3045 relinquat
1889 2966 2287 3046 exprimitur.
2355 2965 2434 3029 In
2480 2965 2560 3030 el.
2607 2964 2776 3030 enim
2817 2970 2890 3028 18

580 3073 907 3156 Cynthiae
973 3073 1265 3138 omnibus
1323 3072 1482 3139 viris
1539 3072 1894 3157 obiicienti,
1962 3093 2091 3139 non
2147 3091 2336 3155 posse
2388 3072 2536 3139 11105
2595 3077 2892 3137 coercere

578 3181 879 3247 libidines
921 3183 1319 3262 respondens
1361 3184 1558 3262 poeta
1601 3181 1771 3246 idem
1815 3181 2222 3262 opprobrium
2246 3182 2442 3264 plane
2484 3181 2552 3245 in
2594 3179 2891 3245 mulieres

578 3291 927 3357 convenire
976 3289 1137 3355 dicit
1179 3293 1249 3354 et
1283 3288 1688 3371 argumentis
1731 3308 1766 3354 e
1799 3289 2040 3354 fabulis
2072 3288 2470 3370 depromptis
2499 3288 2887 3369 comprobat.

577 3399 657 3464 In
704 3398 787 3463 el.
833 3397 1065 3463 deinde
1112 3403 1190 3464 12
1250 3396 1818 3462 vehementissime
1865 3397 2207 3463 invehitur
2255 3398 2323 3461 in
2383 3395 2719 3461 mulierum
2779 3414 2888 3476 pu-

583 3506 980 3586 ellarumque
1008 3503 1427 3588 pravitatem,
1476 3503 1838 3586 levitatem,
1867 3487 2213 3570 avaritiam
2235 3504 2303 3569 in
2340 3503 2479 3569 dies
2502 3507 2886 3585 crescenteS,

578 3634 847 3696 quarum
912 3613 1226 3696 originem
1282 3614 1706 3695 repetendam
1759 3631 1902 3678 esse
1963 3612 2298 3678 existimat
2354 3632 2396 3678 a
2450 3612 2705 3677 luxuria
2748 3631 2886 3693 pro-

579 3728 804 3789 creata
847 3723 963 3789 illa
1022 3721 1296 3787 infinitis
1340 3739 1426 3786 ex
1477 3721 1728 3787 oriente
1771 3721 2043 3786 Romam
2101 3720 2403 3787 adductis
2437 3719 2704 3802 divitiis,
2755 3719 2886 3799 qui-

571 3833 691 3898 bus
749 3831 952 3898 omnis
1009 3827 1324 3912 pudicitia
1380 3836 1580 3908 atque
1646 3829 2041 3896 verecundia
2107 3829 2594 3910 extinquantur.
2715 3828 2883 3910 Qua-

578 3949 844 4022 propter
878 3957 990 4004 eas
1031 3942 1283 4022 300105,
1323 3938 1495 4018 apud
1527 3955 1688 4016 quas
1730 3937 1890 4003 fides
1911 3938 2122 4003 adhuc
2147 3937 2390 4019 valeat,
2434 3938 2665 4001 beatas
2705 3953 2883 4017 prae-

580 4047 759 4113 dicat
783 4051 980 4126 atque
1006 4050 1299 4127 tempora
1323 4046 1458 4126 illa,
1504 4046 1736 4124 quibus
1767 4045 1872 4110 dei
1914 4045 2039 4126 ipsi
2072 4045 2430 4110 hominibus
2454 4043 2659 4110 vitam
2691 4062 2884 4126 agen-

574 4156 750 4221 tibus
796 4155 1231 4222 verecundam
1275 4153 1594 4235 pudicam,
1639 4153 2046 4235 integritatis
2089 4159 2290 4232 atque
2315 4152 2729 4218 innocentiae
2757 4151 2884 4233 ple-

577 4283 726 4329 nam
772 4262 1186 4329 familiariter
1227 4261 1328 4327 usi
1372 4260 1524 4345 sint,
1572 4261 1837 4343 opponit
1881 4279 2037 4327 suae
2087 4262 2318 4343 aetati,
2365 4279 2492 4340 qua
2537 4259 2885 4342 integritas

583 4376 781 4452 atque
822 4369 983 4435 fides
1027 4369 1344 4436 cesserint
1382 4387 1538 4434 auro
1586 4373 1654 4434 et
1697 4387 1861 4449 quae
1907 4369 2094 4435 huius
2117 4368 2417 4450 vestigiis
2458 4367 2710 4432 instent
2751 4372 2882 4431 tur-

577 4477 856 4560 pitudini
898 4481 1097 4558 atque
1141 4477 1532 4558 libidinibus
1587 4494 1748 4556 quas
1791 4477 2036 4543 Romae
2095 4483 2171 4542 ut
2199 4475 2375 4541 'olim
2417 4475 2607 4540 Paris
2653 4475 2882 4540 Troiae
