3142 4984
1522 537 1590 543 w
1689 501 1939 562 54..-

570 667 988 750 cogit-ationis
1032 686 1371 746 rerumque
1412 666 1712 732 fictarum
1789 666 1994 732 totius
2065 666 2370 731 carminis
2435 669 2886 746 argumentum

568 795 709 842 esse
748 777 883 859 Jam
926 795 1007 840 ex
1052 794 1161 856 e0,
1210 776 1379 854 quod
1442 776 1522 841 de
1566 774 2040 841 vaticinatione
2098 791 2501 854 personaque
2549 773 2888 853 horoscopi

567 883 729 965 (lixi,
789 889 1065 964 apparet
1110 922 1189 932 -
1236 882 1428 964 fingit
1488 883 1694 966 igitur
1746 886 1974 963 poeta,
2037 885 2256 948 vatem
2313 880 2666 962 quendam,
2724 886 2799 945 ut
2844 901 2888 945 a

566 991 892 1072 proposito
930 991 1136 1071 ipsum
1178 995 1412 1056 avocet
1440 990 1622 1057 vitae
1665 1009 1820 1055 suae
1850 989 2288 1054 condicionem
2316 988 2640 1070 propriam
2684 993 2886 1068 atque

566 1117 605 1164 a
651 1099 751 1163 dis
798 1099 1197 1164 destinatam
1239 1099 1306 1165 in
1353 1100 1679 1165 amoribus
1725 1100 1946 1179 eisque
1985 1098 2393 1164 celebrandis
2417 1115 2559 1164 esse
2605 1097 2886 1178 positam

567 1207 962 1289 praesagire.
1051 1207 1325 1273 Carmen
1381 1208 1587 1287 igitur
1638 1211 1926 1274 nostrum
1991 1226 2068 1272 eo
2127 1206 2392 1272 consilio
2450 1225 2492 1272 a
2545 1205 2886 1287 Propertio

571 1320 672 1379 est
717 1315 1172 1397 compositum,
1236 1321 1311 1380 ut
1356 1317 1477 1382 sibi
1536 1335 1678 1381 eam
1741 1316 1921 1382 vitae
1965 1315 2139 1382 viam
2193 1314 2600 1398 ingressuro,
2666 1313 2770 1378 cui
2814 1333 2887 1378 se

566 1430 789 1506 aptum
834 1443 961 1489 11011
1006 1442 1147 1488 6336
1194 1424 1332 1504 ipse
1366 1443 1738 1505 persuasum
1785 1425 2090 1505 habebat,
2135 1423 2458 1504 propriam
2480 1423 2656 1488 illam
2701 1422 2884 1488 vitae

568 1551 726 1598 suae
770 1532 1207 1598 condicionem
1253 1550 1322 1598 se
1366 1533 1571 1614 ipsum
1619 1533 1896 1597 irridens
1940 1529 2144 1597 0011113
2186 1535 2592 1614 proponeret.

776 1640 895 1705 Cui
931 1641 1300 1706 sententiae
1346 1643 1532 1708 modo
1577 1642 1874 1722 prolatae
1918 1659 2068 1706 num
2114 1639 2418 1706 carminis
2459 1637 2664 1719 illius,
2713 1638 2884 1716 quod

565 1766 668 1815 vv.
716 1748 797 1830 V,
844 1758 898 1830 1,
941 1753 1237 1814 71—150
1291 1748 1555 1815 efficere
1601 1749 1954 1831 contende,
1999 1753 2452 1831 argumentum
2491 1746 2887 1828 respondeat

557 1857 693 1938 Jam
752 1855 1105 1922 videamus.
1194 1856 1401 1922 Vates
1460 1862 1802 1939 postquam
1861 1875 1966 1925 vv.
2039 1863 2116 1922 71
2137 1895 2222 1905 —
2244 1861 2324 1921 74
2381 1855 2723 1937 Propertio
2780 1873 2883 1936 ea,

567 1981 733 2042 quae
798 1964 923 2029 sibi
999 1965 1469 2048 proposuisset,
1559 1967 1714 2031 deos
1787 1984 1914 2030 non
1969 1963 2343 2056 permisisse
2411 1961 2882 2046 pronuntiavit,

568 2072 941 2153 priusquam
964 2072 1523 2140 vaticiniationem
1544 2075 1751 2156 ipsam
1772 2073 2046 2156 profert,
2093 2078 2167 2138 ut
2191 2074 2380 2139 fidem
2419 2073 2596 2137 illius
2631 2073 2878 2154 augeat

571 2181 719 2246 inde
780 2200 821 2246 a
884 2199 944 2246 v.
1002 2187 1082 2246 '78
1144 2200 1346 2262 usque
1401 2183 1483 2248 ad
1544 2203 1604 2249 v.
1661 2187 1787 2249 134
1843 2183 1982 2247 eius
2041 2181 2226 2262 artiS,
2285 2199 2476 2261 quam
2519 2180 2882 2261 profitetur,

567 2289 985 2370 Astrologiae
1048 2288 1198 2355 fidei
1257 2291 1643 2356 documenta
1709 2294 1976 2357 enarrat
2047 2296 2245 2370 atque
2307 2288 2627 2370 Propertii
2696 2289 2882 2355 vitae

566 2395 1032 2479 condicionem,
1089 2415 1231 2462 cum
1290 2398 1600 2479 patriam,
1673 2398 1918 2479 primae
1967 2397 2337 2482 juventutis
2400 2396 2884 2463 vicissitudines

572 2505 1187 2587 commemoraverit,
1236 2506 1334 2571 ita
1358 2508 1723 2587 adumbrat,
1772 2512 1845 2572 ut
1874 2507 2133 2593 (131-
2156 2506 2307 2591 134)
2353 2525 2495 2571 eum
2524 2510 2679 2588 toga
2707 2504 2886 2571 virili

567 2618 822 2694 sumpta
866 2615 949 2678 ab
993 2614 1296 2694 Apolline
1337 2615 1377 2678 i.
1404 2634 1459 2679 e.
1507 2635 1548 2680 a
1594 2614 1694 2680 dis
1737 2619 1812 2679 ut
1859 2613 2064 2680 Musis
2107 2633 2236 2679 non
2280 2614 2419 2680 foro
2443 2619 2715 2680 vacaret
2737 2631 2882 2678 esse

567 2721 962 2786 admonitum
1008 2721 1208 2787 dicat.
1296 2727 1512 2802 Atque
1571 2723 1741 2788 hanc
1785 2723 1968 2789 vitae
2019 2721 2456 2802 condicionem
2501 2741 2541 2786 a
2585 2721 2683 2786 dis
2725 2719 2885 2800 ipsis

566 2829 905 2910 Propertio
964 2829 1436 2912 praescriptam
1494 2832 1883 2913 horoscopus
1941 2830 2091 2896 inde
2141 2849 2182 2895 a
2237 2849 2300 2896 v.
2360 2835 2480 2895 135
2539 2847 2741 2909 usque
2795 2830 2884 2894 ad

572 2937 875 3002 carminis
929 2937 1171 3002 exitum
1230 2939 1327 3004 ita
1386 2939 1760 3004 accuratius
1804 2939 2067 3022 definit,
2124 2943 2199 3004 ut
2255 2938 2478 3020 poesin
2523 2938 2882 3021 elegiacam

570 3049 676 3114 vel
721 3049 937 3129 potius
959 3050 1343 3115 amatoriam
1386 3051 1589 3116 solam
1637 3051 1697 3116 ei
1728 3069 1871 3116 esse
1896 3051 2311 3116 tractandam
2336 3049 2534 3130 dicat,
2581 3048 2882 3129 quoniam

567 3157 755 3221 unius
798 3157 1056 3236 puellae
1092 3155 1368 3224 vinculis
1402 3159 1698 3224 irretitus
1739 3160 1822 3224 ab
1872 3159 2012 3242 ejus
2043 3176 2261 3224 amore
2305 3156 2599 3237 quamvis
2632 3155 2883 3221 infelici

559 3265 843 3329 liberare
886 3283 955 3329 se
1000 3283 1129 3329 non
1171 3266 1392 3346 possit.

764 3371 870 3436 Ex
912 3373 1215 3438 carminis
1259 3380 1644 3456 argumento
1678 3376 1894 3440 elucet
1934 3374 2152 3441 verbis
2195 3373 2283 3458 (v.
2338 3373 2480 3459 13):
2535 3375 2709 3453 „tum
2754 3370 2881 3435 tibi

558 3497 767 3559 pauca
812 3484 1011 3544 cett.“
1079 3487 1299 3547 vatem
1354 3501 1481 3546 non
1522 3483 1926 3564 significare,
1989 3482 2157 3562 quod
2202 3480 2516 3561 suspicati
2573 3484 2726 3544 sunt
2769 3497 2880 3546 vv.

561 3588 661 3652 dd.
710 3587 819 3673 (ci.
849 3607 1044 3669 supra
1075 3608 1137 3670 p.
1183 3591 1296 3677 46)
1343 3591 1445 3655 611.
1489 3591 1642 3657 11133
1693 3598 1754 3657 1.
1799 3597 1858 3656 2.
1902 3595 1963 3655 4.
2016 3596 2073 3656 6.
2124 3596 2182 3655 9.
2234 3595 2331 3653 10.
2401 3587 2567 3654 Ν3111
2591 3586 2880 3669 001131110,

558 3697 725 3776 quod
808 3697 990 3775 sequi
1072 3697 1192 3762 sibi
1253 3705 1679 3779 proposuerat
1745 3697 2126 3780 Propertius
2202 3699 2694 3763 commemorato
2768 3713 2878 3762 vv.

562 3809 743 3869 75—-
767 3808 888 3868 134
948 3802 1109 3869 nihil
1157 3804 1334 3870 aliud
1400 3807 1543 3890 agit
1586 3811 1775 3873 vates
1836 3805 1961 3870 nisi
2017 3812 2090 3871 ut
2133 3802 2624 3884 vaticinationi,
2685 3820 2878 3881 quam

556 3913 929 3993 prolaturus
974 3916 1078 3977 est
1106 3912 1298 3979 fidem
1326 3913 1552 3980 faciat.
1621 3917 1840 3994 Atque
1882 3915 2002 3978 hoc
2039 3914 2137 3978 ita
2167 3909 2476 3992 instituit,
2521 3914 2596 3975 ut
2631 3909 2878 3991 allatiS,

558 4039 723 4100 quae
765 4020 904 4101 ipse
943 4021 1279 4087 verissime
1318 4029 1462 4088 erat
1484 4023 1906 4103 vaticinatUS,
1951 4020 2376 4103 praeteritam
2403 4023 2642 4100 poetae
2675 4018 2882 4100 ipsius

554 4127 760 4192 vitam
787 4133 1069 4210 enarret,
1117 4147 1195 4194 ea
1234 4147 1461 4212 nempe
1504 4130 1819 4212 proferat,
1866 4147 2031 4209 quae
2077 4147 2237 4195 vera
2277 4145 2419 4193 esse
2464 4125 2877 4207 Propertium

555 4236 763 4316 ipsum
810 4253 1198 4317 cognoscere
1240 4255 1505 4302 necesse
1544 4243 1665 4302 est.
1754 4237 1945 4303 Hanc
1989 4241 2207 4302 autem
2250 4236 2434 4301 vitae
2473 4234 2876 4316 praeteritae

556 4322 1054 4424 descriptionem
1091 4362 1292 4425 usque
1332 4347 1415 4411 ad
1462 4366 1603 4412 eam
1649 4345 2061 4428 persequitur
2105 4346 2584 4425 tempestatem,
2621 4359 2752 4422 qua
2790 4359 2878 4407 ne

555 4457 882 4533 sequatur,
930 4453 1099 4532 quod
1121 4453 1244 4518 sibi
1284 4455 1619 4536 proposuit
1644 4454 1979 4520 consilium
2025 4454 2161 4542 (vv.
2197 4458 2274 4518 71
2299 4453 2468 4538 sqq.)
2497 4433 2646 4535 'Jure
2689 4449 2875 4516 illum

554 4559 884 4624 admoneri
910 4565 1206 4642 apparet,
1240 4579 1440 4640 usque
1484 4565 1568 4628 ad
1599 4582 1708 4630 vv.
1749 4569 1862 4629 133
1909 4568 1980 4629 61
2030 4567 2170 4628 134.
2247 4560 2388 4626 Hos
2431 4560 2601 4625 enim
2644 4577 2876 4627 versus
