3142 4984
1257 461 1681 531 ...25-

315 641 548 718 poetae
588 656 746 720 erga
787 637 1136 721 Cynthiam
1175 638 1412 704 amoris
1454 638 1849 719 temporibus
1892 636 1995 702 ell.
2044 641 2139 701 10.
2192 639 2291 700 11.
2340 639 2418 699 12
2465 637 2621 698 cett.

319 763 461 811 esse
507 747 927 828 conscriptas.
995 747 1220 828 Neque
1265 746 1517 812 omnino
1559 746 1692 812 alia
1736 747 2131 826 tempestate
2176 742 2464 808 carmina
2506 741 2625 806 illa

315 856 502 921 condi
543 855 831 938 potuisse
887 875 928 920 a
985 859 1180 938 poeta
1241 873 1381 920 cum
1438 854 1689 936 elegiae
1742 855 2049 918 librorum
2100 852 2135 915 I
2175 855 2245 916 et
2288 850 2394 915 III
2438 849 2623 914 modo

313 962 560 1027 allatae
622 967 758 1028 tum
811 967 1218 1046 argumenta,
1269 963 1498 1043 quibus
1551 961 1969 1026 continentur
2022 963 2221 1040 atque
2266 956 2619 1040 consilium,

313 1088 436 1149 quo
481 1075 634 1138 sunt
677 1071 1063 1155 conscripta,
1105 1072 1413 1138 clamant.
1487 1071 1711 1151 Neque
1756 1070 1992 1135 desunt
2034 1071 2221 1134 certa
2261 1070 2619 1147 temporum

310 1179 613 1262 vestigia,
675 1198 841 1260 quae
902 1181 1170 1264 elegias,
1231 1181 1311 1246 de
1369 1180 1600 1262 quibus
1657 1178 1928 1262 agimuS,
1994 1177 2073 1242 ad
2134 1175 2370 1241 amoris
2428 1172 2621 1239 finem

309 1286 638 1367 pertinere
683 1288 1054 1354 ostendunt.
1143 1289 1243 1356 El.
1287 1289 1456 1354 enim
1506 1295 1579 1353 11
1628 1301 1867 1352 annum
1911 1284 2033 1350 sibi
2075 1284 2286 1366 poscit
2330 1302 2389 1348 a.
2442 1282 2516 1348 U.
2564 1302 2619 1348 c.

313 1399 456 1477 732,
505 1395 805 1476 quoniam
847 1399 1108 1478 spectat
1138 1397 1222 1460 ad
1252 1394 1726 1477 expeditionem
1751 1391 2130 1458 Parthicam
2165 1392 2287 1456 hoc
2326 1395 2617 1472 tempore

308 1507 607 1583 paratam
630 1505 712 1589 1);
774 1504 854 1570 el.
900 1504 1134 1569 deinde
1179 1510 1277 1586 17,
1338 1521 1466 1584 qua
1507 1502 1806 1568 Marcelli
1848 1505 2121 1566 mortem
2162 1499 2361 1567 deflet
2402 1503 2617 1580 poeta,

307 1609 654 1677 referenda
694 1618 798 1679 est
837 1613 920 1678 ad
963 1632 1021 1679 a.
1072 1619 1216 1697 731,
1263 1613 1562 1692 quoniam
1596 1613 1716 1677 hoc
1758 1629 1927 1676 anno
1960 1611 2265 1694 juvenem
2296 1609 2479 1674 illum
2517 1627 2617 1673 su-

307 1718 443 1784 bito
505 1720 572 1785 in
616 1721 866 1788 Baiano
923 1721 1187 1803 praedio
1251 1739 1393 1787 esse
1450 1725 1773 1786 mortuum
1816 1720 2025 1785 Dione
2072 1718 2293 1784 Cassio
2350 1721 2616 1783 auctore

305 1828 517 1913 (LIII,
563 1831 678 1916 30)
728 1833 989 1896 constat
1012 1831 1082 1916 ¹).
1168 1829 1466 1909 Denique
1507 1831 1586 1898 el.
1636 1835 1717 1896 22
1780 1828 1864 1894 ad
1927 1828 2186 1895 Tullum
2231 1825 2453 1909 Cyzici
2488 1845 2617 1892 mo-

173 1937 178 1940 ’
304 1941 560 2002 rantem
593 1937 808 2020 missa,
853 1937 1081 2003 iisdem
1117 1938 1257 2003 fere
1297 1937 1693 2019 temporibus
1728 1936 2115 2002 ascribenda
2154 1953 2296 2003 esse
2339 1934 2614 2002 videtur.

305 2046 470 2111 Nam
517 2064 659 2111 cum
701 2046 895 2112 valde
943 2047 1032 2111 sit
1066 2045 1400 2128 probabile
1419 2047 1491 2133 2),
1537 2045 1797 2112 Tullum
1837 2040 2020 2110 illum
2058 2062 2201 2108 cum
2238 2043 2322 2108 M.
2350 2041 2614 2108 Valerio

303 2152 590 2219 Messala
641 2174 698 2222 a.
750 2160 874 2221 724
915 2151 999 2220 ab
1042 2157 1342 2238 Augusto
1396 2174 1538 2221 cum
1594 2154 1860 2236 imperio
1909 2154 1977 2220 in
2019 2154 2243 2219 Asiam
2294 2153 2487 2218 misso
2530 2153 2614 2218 ad

303 2264 530 2328 turbas
566 2264 650 2328 ab
689 2264 959 2329 Antonii
1002 2263 1476 2345 gladiatoribus
1515 2263 1843 2328 excitatas
1886 2262 2359 2342 componendas
2400 2261 2609 2350 (Cass,

301 2369 384 2434 D.
430 2369 522 2435 LI
568 2389 620 2436 c.
671 2373 763 2458 7),
822 2370 890 2436 111
933 2371 1159 2436 Asiam
1218 2391 1359 2437 esse
1411 2371 1772 2460 profectum
1832 2372 1940 2458 (el.
1988 2371 2041 2452 I,
2089 2375 2173 2454 6),
2220 2370 2616 2451 computatis

303 2482 372 2543 et
426 2478 540 2544 illo
603 2480 912 2561 temporis
966 2479 1201 2561 spatio;
1258 2498 1380 2559 quo
1434 2479 1721 2544 Messala
1776 2479 2251 2561 gladiatoribus
2311 2479 2379 2544 in
2422 2479 2615 2561 Syria

301 2585 550 2668 fugatis
593 2605 806 2652 rerum
852 2587 1354 2653 ordinandarum
1387 2587 1889 2669 populorumque
1920 2587 1988 2651 in
2017 2586 2407 2652 deditionem
2444 2587 2613 2652 acci-

299 2693 673 2775 piendorum
734 2714 932 2760 causa
987 2700 1194 2761 totam
1256 2695 1479 2762 Asiam
1541 2695 1847 2760 minorem
1899 2694 2223 2776 percurrit
2279 2693 2611 2776 Cyzicum-

301 2820 424 2882 que
483 2803 715 2868 deinde
777 2822 847 2868 se
903 2803 1198 2886 contulit,
1257 2810 1327 2869 et
1373 2807 1548 2886 „tam
1594 2804 1855 2868 multis“
1904 2803 2037 2867 illis
2080 2803 2287 2885 annis,
2344 2822 2503 2884 quos
2541 2805 2609 2870 in

299 2911 776 2992 perlustrandis
833 2913 1032 2977 Asiae
1088 2912 1352 2978 urbibus
1409 2916 1868 2978 commoratum
1925 2929 2067 2976 esse
2112 2911 2371 2978 Tullum
2414 2930 2520 2978 vv,
2574 2921 2605 2978 1

301 3037 438 3100 sqq.
481 3019 862 3100 Propertius
905 3020 1142 3103 refert,
1197 3020 1338 3087 veri
1371 3039 1500 3086 non
1542 3024 1646 3086 est
1690 3019 2028 3102 dissimile,
2070 3038 2127 3084 a.
2180 3025 2303 3086 730
2338 3022 2446 3087 vel
2486 3027 2603 3087 731

299 3147 350 3194 c.
399 3135 480 3195 22
526 3145 668 3193 esse
713 3129 1168 3210 conscriptum.

509 3258 921 3341 Quapropter
955 3277 1098 3324 cum
1136 3258 1395 3324 dubium
1423 3258 1561 3341 Jam
1602 3275 1730 3322 non
1774 3258 1880 3340 sit,
1926 3257 2080 3338 quin
2107 3259 2271 3324 haec
2298 3260 2604 3344 carmina,

298 3385 463 3447 quae
518 3367 714 3448 plane
775 3371 964 3432 extra
1019 3385 1270 3433 amores
1327 3371 1562 3448 poetae
1606 3361 1759 3431 sunt
1801 3368 2033 3448 posita,
2094 3369 2359 3448 propter
2402 3372 2605 3452 certa,

297 3493 463 3556 quae
507 3475 574 3539 in
609 3475 688 3540 iis
727 3475 950 3541 insunt
991 3480 1348 3557 temporum
1391 3473 1695 3556 vestigia,
1746 3473 2055 3539 extremis
2086 3476 2321 3542 amoris
2362 3480 2605 3560 tempo-

294 3583 492 3660 ribUS,
555 3602 742 3664 quem
798 3603 858 3648 a.
916 3589 1038 3650 732
1084 3603 1211 3648 non
1254 3583 1611 3649 excessisse
1654 3586 1933 3664 constat,
1989 3583 2122 3648 sint
2161 3586 2603 3671 attribuenda,

295 3711 436 3758 cum
483 3699 740 3758 ceteras
785 3692 884 3757 ell.
939 3698 1034 3757 10.
1087 3697 1186 3756 12.
1245 3698 1332 3758 13.
1382 3697 1480 3757 16.
1530 3697 1609 3756 18
1654 3699 1919 3772 propter
1974 3698 2379 3776 argumenta,
2439 3714 2605 3775 quae

295 3799 624 3883 exhibent,
684 3798 1052 3865 necessario
1094 3798 1180 3865 ad
1224 3798 1459 3864 amoris
1503 3798 1697 3864 finem
1742 3816 1884 3863 esse
1928 3797 2308 3865 referendas
2348 3800 2604 3868 demon-

294 3907 735 3989 straverimuS,
803 3910 945 3972 tota
1010 3907 1160 3973 libri
1222 3905 1318 3972 IV
1379 3907 1737 3989 elegiarum
1804 3906 2060 3972 ratione
2130 3910 2601 3994 comprobatur,

292 4021 553 4098 poetam
613 4033 830 4081 amore
888 4014 1232 4080 deficiente
1291 4015 1570 4080 animum
1624 4014 2012 4096 applicuisse
2072 4017 2157 4080 ad
2216 4025 2604 4100 argumenta
2712 4093 2717 4104 ,

293 4123 599 4208 graviora
642 4127 840 4202 atque
881 4123 1264 4205 austeriora,
1317 4119 1514 4203 atque
1570 4125 1693 4188 hac
1727 4124 1871 4205 ipsa
1914 4142 1985 4188 re
2025 4126 2349 4204 proprium
2396 4128 2601 4192 cerni-

293 4232 657 4314 discrimen,
703 4232 869 4312 quod
895 4231 1070 4296 inter
1107 4236 1408 4312 quartum
1454 4237 1524 4296 et
1551 4237 1688 4297 tres
1716 4232 1962 4312 priores
1986 4230 2338 4297 intercedit
2380 4233 2597 4300 libroS.

503 4459 540 4528 ¹)
578 4458 644 4512 cf.
679 4457 924 4512 Hertzb.:
960 4459 1019 4523 Q.
1057 4459 1092 4512 1.
1127 4460 1229 4513 ΠΙ.
1267 4478 1319 4531 p.
1348 4460 1464 4515 226.
1522 4461 1795 4530 Luetjoh.:
1834 4462 2137 4517 Commentt
2174 4462 2324 4532 Prop.
2360 4479 2411 4532 p.
2447 4464 2529 4520 82.

501 4548 544 4616 2)
580 4547 647 4602 cf.
683 4547 890 4604 Barthii
925 4549 1052 4606 edit.
1089 4549 1243 4624 Prop.
1282 4550 1444 4620 praef.
1483 4568 1531 4625 p.
1569 4552 1785 4607 LXXX.
1823 4551 2080 4609 Eschenb.
2121 4552 2156 4609 1.
2192 4553 2227 4608 1.
2266 4569 2316 4627 p.
2352 4553 2435 4610 90.
