3142 4984
1233 505 1613 566 -9-

256 672 632 754 legentibus
675 675 947 755 aperiat.
994 674 1071 738 In
1115 674 1196 739 el.
1241 678 1461 758 autem
1504 672 1594 753 II,
1651 679 1702 739 l.
1749 672 1832 736 ad
1876 670 2325 735 Maecenatem
2363 669 2577 753 missa,
2639 735 2646 746 ,

256 779 481 858 qualia
519 780 808 848 carmina
865 781 952 846 sit
998 781 1375 847 conditurus
1419 783 1648 861 aperte
1710 777 1976 859 indicat,
2028 796 2172 842 cum
2216 796 2322 844 vv.
2368 782 2577 842 1--16

255 887 546 968 puellam
577 889 800 970 solam,
841 906 968 953 non
1007 889 1180 971 deos,
1223 893 1561 970 poetarum
1597 891 1906 968 patronos
1931 887 2166 951 mentis
2196 885 2261 949 in
2294 884 2578 952 flamma-

258 993 503 1060 tionem
552 1002 621 1062 et
662 997 1011 1062 caelestem
1049 996 1231 1062 illum
1273 995 1653 1062 instinctum
1699 995 1838 1060 sine
1875 1012 1998 1074 quo
2043 1013 2245 1077 grave
2289 994 2578 1075 plenum-

260 1122 389 1183 que
427 1121 687 1169 carmen
726 1104 910 1170 fundi
946 1123 1075 1170 non
1107 1106 1347 1187 potest,
1393 1104 1515 1169 sibi
1555 1103 1790 1168 afflare
1833 1103 2010 1185 dicit,
2058 1121 2224 1183 quae
2269 1102 2580 1182 quidquid

254 1211 512 1289 fecerit,
571 1212 879 1293 quidquid
938 1213 1158 1278 locuta
1217 1213 1323 1295 sit,
1386 1213 1471 1279 ad
1516 1214 1806 1278 carmina
1851 1212 2187 1278 condenda
2225 1211 2436 1292 ipsum
2479 1211 2574 1277 in-

256 1319 513 1387 cendat.
580 1318 732 1386 Jam
778 1319 834 1384 si
873 1320 1086 1386 animo
1126 1321 1382 1386 valeret
1423 1322 1508 1387 ad
1552 1321 1841 1387 earmina
1884 1321 2190 1403 graviora
2236 1319 2343 1385 vel
2389 1318 2575 1400 epica

266 1428 707 1507 componenda
752 1446 857 1493 res
900 1429 982 1492 ab
1004 1430 1301 1510 Augusto
1346 1429 1516 1494 domi
1553 1429 1835 1508 bellique
1871 1432 2096 1511 gestas
2140 1446 2211 1492 se
2255 1445 2398 1493 esse
2427 1445 2570 1508 pro·

258 1521 651 1616 secuturum,
712 1535 1011 1614 quoniam
1068 1535 1159 1601 sic
1218 1555 1472 1618 semper
1524 1538 1608 1603 ad
1662 1536 1871 1618 ipsum
1915 1535 2362 1602 Maecenatem
2407 1535 2574 1600 cele-

252 1642 571 1707 brandum
616 1643 921 1708 carminis
970 1647 1353 1726 argumento
1399 1645 1759 1710 duceretur.
1857 1643 2024 1727 Quia
2070 1649 2290 1710 autem
2333 1643 2400 1708 id
2445 1662 2571 1708 non

255 1751 481 1833 possit,
533 1769 676 1816 cum
700 1770 827 1831 qua
860 1757 1011 1834 pote
1036 1752 1324 1834 quisque,
1369 1752 1435 1818 in
1461 1771 1539 1818 ea
1561 1757 1863 1818 conterat
1886 1757 2030 1817 arte
2056 1751 2242 1834 diem,
2291 1770 2572 1818 amorem

254 1877 325 1924 se
390 1877 532 1924 esse
591 1863 1009 1925 cantaturum
1068 1861 1132 1925 in
1184 1879 1385 1941 eoque
1441 1862 1830 1928 celebrando
1892 1879 2093 1942 usque
2152 1861 2239 1926 ad
2300 1865 2569 1926 mortem

252 1972 821 2049 perseveraturum
868 1968 1043 2033 dicit.
1130 1968 1428 2049 Denique
1480 1970 1547 2034 in
1594 1970 1671 2037 el.
1712 1967 1826 2051 IV,
1878 1976 1936 2052 1,
1998 1987 2163 2050 quae
2203 1969 2288 2051 II,
2342 1975 2394 2034 1.
2441 1988 2570 2034 11011

253 2080 358 2141 est
398 2075 749 2157 dissimiliS‚
796 2075 1263 2143 Callimachum
1302 2096 1371 2142 se
1420 2082 1489 2143 et
1512 2077 1840 2143 Philetam
1872 2077 2353 2159 exemplarsibi
2395 2077 2568 2142 dele-

254 2183 449 2264 gisse,
511 2201 669 2263 quos
724 2189 1102 2264 sequentem
1158 2203 1230 2250 se
1288 2188 1357 2251 et
1408 2205 1712 2269 magnam
1752 2185 2152 2251 imitatorum
2197 2185 2455 2250 turbam
2501 2191 2571 2251 et

254 2308 487 2356 nomen
519 2291 884 2357 immortale
910 2296 1359 2359 assecuturum
1392 2298 1592 2374 atque
1624 2293 1905 2376 puellam
1951 2312 2132 2359 suam
2175 2311 2331 2360 sono
2375 2293 2566 2360 solito

250 2417 393 2464 esse
437 2398 911 2466 delectaturum
955 2405 1198 2483 sperat.

456 2507 535 2571 In
581 2507 790 2574 tribus
829 2507 1035 2592 igitur
1077 2510 1179 2575 his
1224 2509 1454 2592 elegiis
1493 2509 1796 2575 universe
1835 2510 1914 2574 de
1955 2507 2168 2590 poesis
2211 2527 2367 2575 suae
2407 2509 2564 2576 rati-

246 2685 489 2754 ptaefixit
525 2686 858 2757 Propertius,
912 2705 1006 2742 eur
1042 2705 1170 2753 non,
1223 2689 1363 2758 quod
1414 2706 1533 2744 cum
1566 2689 1803 2758 Augusti
1854 2691 2148 2744 auctoritas
2200 2690 2562 2761 majestasque

247 2779 363 2829 tum
399 2777 539 2830 ratio
577 2778 787 2831 omnino
826 2779 1155 2848 postulabat,
1193 2779 1329 2832 libro
1365 2781 1437 2834 II.
1475 2780 1747 2848 praefixit,
1784 2782 1848 2834 ut
1884 2781 2111 2834 carmine
2149 2781 2390 2834 omnibus
2427 2799 2560 2850 quas

247 2863 485 2918 editurus
524 2869 638 2921 erat
674 2867 860 2935 elegiis
888 2868 1165 2921 amatoriis
1186 2870 1475 2938 praemisso
1495 2869 1770 2934 indicaret,
1811 2885 2099 2938 numquam
2124 2887 2180 2924 se
2216 2871 2353 2924 talia
2377 2887 2562 2925 rursus

248 2969 361 3007 esse
391 2957 747 3009 tractaturum
767 2961 1097 3026 argumenta,
1134 2975 1227 3012 cur
1258 2975 1359 3012 non
1387 2959 1525 3012 libro
1559 2959 1655 3013 IV.
1688 2960 1978 3029 praemisit,
2015 2963 2079 3014 ut
2105 2960 2223 3014 loco
2253 2978 2358 3015 non
2379 2963 2557 3015 minus

246 3044 371 3110 apto
412 3045 762 3114 carminisque
798 3047 1021 3100 consilio
1070 3047 1352 3100 admodum
1391 3050 1723 3102 convenienti
1758 3049 1898 3104 idem
1934 3050 2302 3119 significaret?
2355 3052 2558 3115 Quibus

246 3132 486 3187 omnibus
525 3134 812 3214 diligenter
847 3137 1195 3191 consideratis
1231 3139 1594 3207 unusquisque
1630 3140 1894 3206 concedet,
1933 3158 2027 3196 nec
2061 3146 2275 3211 poetam
2312 3160 2356 3197 6.
2396 3145 2504 3210 ΠΙ,
2527 3147 2552 3198 1

248 3223 382 3276 libro
417 3225 505 3277 111
541 3226 807 3296 prooemio
852 3227 970 3281 loco
1006 3227 1196 3282 addere
1233 3229 1473 3298 potuisse
1510 3247 1608 3283 nec
1653 3247 1859 3285 carmen
1903 3233 1984 3286 ita
2020 3248 2134 3286 esse
2173 3238 2552 3303 comparatum,

243 3316 304 3366 ut
340 3315 611 3383 probabile
650 3316 763 3381 fiat,
798 3320 1012 3387 poetam
1048 3319 1259 3372 omnino
1294 3336 1459 3372 unum
1493 3321 1581 3374 vel
1599 3321 1827 3375 alterum
1864 3321 2028 3375 trium
2064 3324 2278 3378 illorum
2298 3324 2554 3378 librorum

242 3402 346 3455 isto
385 3403 549 3457 fuisse
588 3420 905 3472 exorsurum,
947 3422 1265 3476 quamquam
1301 3409 1439 3462 illud
1484 3411 1678 3464 mirum
1731 3426 1845 3464 esse
1883 3427 1986 3464 non
2021 3414 2229 3482 potest,
2277 3429 2320 3468 6.
2358 3413 2459 3480 111,
2506 3417 2550 3480 1,

242 3492 380 3560 quod
430 3495 677 3547 extremis
723 3497 957 3550 omnium
1004 3499 1295 3552 carminum
1349 3501 1726 3554 amatoriorum
1774 3501 2102 3572 temporibus
2148 3501 2551 3560 adscribendum

244 3598 359 3638 esse
394 3584 719 3651 monuimus,
764 3587 901 3641 libro
950 3588 1037 3642 111
1082 3605 1195 3643 esse
1234 3591 1517 3656 insertum,
1570 3591 1818 3660 quoniam
1883 3591 2017 3646 satis
2061 3593 2249 3647 multis
2297 3596 2549 3665 exemplis

241 3673 511 3742 docemur,
562 3677 815 3746 antiquos
851 3682 1037 3749 poetas
1072 3697 1175 3733 non
1212 3681 1267 3734 id
1305 3683 1503 3751 egisse,
1555 3684 1619 3734 ut
1655 3697 1812 3751 opera
1860 3682 1928 3736 ad
1980 3683 2214 3738 ordinem
2251 3686 2550 3755 temporum

240 3763 452 3819 redacta
488 3767 773 3822 traderent.
828 3768 861 3822 J
864 3785 949 3822 am
984 3785 1109 3824 vero
1145 3787 1262 3824 cum
1291 3771 1355 3824 de
1390 3772 1713 3840 reliquorum
1731 3772 1982 3826 librorum
2021 3776 2350 3844 argumentis
2378 3776 2548 3846 prima

240 3870 443 3924 quaque
482 3857 653 3926 elegia.
690 3858 963 3926 praefatus
1003 3860 1078 3913 sit
1094 3859 1418 3930 Propertius,
1453 3863 1618 3916 tertio
1643 3864 1966 3932 prooemium
2003 3880 2122 3918 eum
2145 3882 2250 3919 non
2273 3865 2548 3921 addidisse

242 3960 337 3996 non
382 3946 561 3999 mirari
595 3964 701 4002 non
737 3965 1034 4018 possumus.
1105 3951 1180 4003 At
1217 3951 1492 4022 expeditur
1536 3969 1664 4006 sane
1700 3953 1829 4008 haec
1865 3954 2158 4010 difficultas
2195 3959 2252 4010 et
2286 3960 2548 4012 extremae

241 4033 437 4101 elegiae
486 4034 609 4088 libri
663 4037 720 4090 ΙΙ
770 4041 827 4091 et
860 4039 1059 4108 primae
1103 4042 1268 4109 atque
1305 4042 1565 4096 secundae
1613 4042 1736 4096 libri
1785 4043 1873 4097 III
1925 4044 2242 4100 condicione.
2314 4047 2546 4110 Quarum

241 4122 526 4190 elegiarum
565 4126 803 4182 condicio
839 4145 959 4182 eum
983 4145 1045 4184 ea
1078 4130 1168 4195 sit,
1204 4133 1268 4185 ut
1303 4132 1369 4185 el.
1409 4131 1483 4197 ΙΙ,
1519 4134 1553 4185 9
1589 4133 1710 4186 inde
1745 4149 1777 4186 a
1815 4150 1863 4188 v.
1900 4135 1968 4188 40
1997 4139 2150 4189 cento
2171 4137 2350 4205 potius
2385 4155 2544 4206 quam

236 4213 440 4280 justum
476 4232 683 4269 carmen
720 4233 834 4272 esse
852 4219 1112 4285 videatur,
1152 4224 1216 4274 ut
1240 4221 1326 4275 ell.
1348 4221 1451 4287 111,
1492 4223 1517 4275 l
1557 4226 1613 4276 et
1648 4225 1680 4276 2
1706 4240 1819 4278 esse
1853 4225 2136 4280 mutilatas
2170 4227 2225 4279 in
2261 4231 2544 4298 propatulo

239 4305 331 4369 sit,
382 4306 438 4358 in
475 4306 578 4360 fine
625 4307 776 4361 illius
812 4313 868 4363 et
911 4310 1070 4364 initio
1104 4311 1265 4366 huius
1313 4312 1435 4366 libri
1481 4314 1738 4368 excidisse
1794 4315 1999 4384 aliquid
2045 4317 2386 4372 manifestum
2441 4313 2542 4376 est.

236 4395 374 4458 Quae
406 4413 525 4452 cum
565 4398 647 4452 ita
682 4398 793 4454 sint
828 4401 958 4454 mihi
996 4403 1208 4471 quidem
1244 4403 1528 4458 admodum
1559 4405 1624 4458 fit
1658 4405 1928 4475 probabile
1965 4408 2290 4475 prooemium
2332 4426 2541 4478 quoque

236 4485 351 4539 libri
386 4487 473 4542 III
511 4489 567 4542 in
596 4489 722 4556 hae,
775 4508 933 4561 quam
970 4493 1069 4548 hoc
1113 4494 1230 4549 loco
1265 4494 1452 4552 fecisse
1488 4496 1690 4569 elegias
1740 4496 2112 4571 Propertianas
2157 4515 2238 4554 vv.
2277 4499 2362 4556 dd.
2399 4517 2540 4558 com-

235 4577 466 4650 probant,
499 4579 712 4648 jactura
745 4582 1027 4642 interiisse.
