3142 4984
1309 528 1387 591 ·.··
1483 493 1587 556 65-
1648 529 1799 578 -.,

565 660 786 739 Atque
829 659 1100 725 eandem
1147 661 1316 725 hanc
1352 660 1732 741 disponendi
1777 660 2095 726 rationem
2140 659 2205 724 in
2251 645 2503 724 tertiae·
2536 678 2675 725 car·
2767 672 2772 684 “

348 765 552 832 minis
595 749 805 848 partis
848 786 956 834 vv.
1000 772 1261 834 49—64
1310 768 1693 851 invenimUS,
1750 787 1895 834 cum
1956 773 2025 833 et
2080 767 2210 834 vici
2254 768 2450 833 Tusci
2494 767 2673 850 origo

362 873 461 938 bis
505 875 840 954 quaternis
877 874 1176 951 versibus
1207 880 1587 959 exponatur,
1636 881 1705 942 et
1740 876 2017 944 Mamuri
2061 877 2204 941 laus
2239 875 2338 958 iis,
2387 876 2494 955 qui
2540 895 2673 941 res-

289 1054 292 1060 ,
363 984 513 1047 tant
545 982 798 1048 octonis
828 983 1124 1048 versibus
1153 984 1540 1050 celebretur.
1610 983 1775 1048 Nam
1802 1003 1904 1051 vv.
1946 989 2045 1050 57.
2093 989 2174 1049 58
2210 985 2295 1049 ad
2328 988 2677 1063 sequentes

361 1090 608 1158 referre
653 1109 779 1156 non
823 1091 1067 1173 dubito,
1116 1092 1268 1172 quia
1314 1098 1389 1158 ut
1432 1112 1539 1161 vv.
1590 1097 1757 1158 3—8
1802 1094 1887 1157 ad
1930 1090 2205 1174 priorem
2250 1090 2523 1157 nominis
2569 1111 2676 1156 ex·
2736 1153 2759 1176 ,

360 1198 797 1282 plicationem,
851 1200 952 1265 his
995 1199 1082 1264 ad
1126 1200 1401 1266 artificis
1460 1200 1963 1282 celebrationem
2010 1218 2271 1266 carmen
2315 1199 2674 1265 deducitur.

309 1387 314 1396 Ι
361 1306 405 1371 J
408 1326 513 1372 am
555 1325 710 1372 vero
749 1307 915 1372 haec
957 1307 1057 1372 bis
1099 1312 1560 1388 quaternorum
1606 1326 1906 1375 versuum
1953 1306 2293 1374 collocatio
2333 1307 2674 1372 admodum

263 1457 266 1462 -
343 1414 778 1482 'confirmatur
823 1433 967 1481 cum
1012 1433 1107 1498 e0,
1168 1417 1337 1496 quod
1395 1417 1463 1481 in
1507 1417 1830 1498 prooemio
1876 1417 2039 1482 haec
2080 1415 2462 1498 disponendi
2504 1416 2675 1482 ratio

361 1523 554 1604 plane
598 1526 705 1588 'est
743 1524 1102 1606 perspicua,
1167 1528 1304 1591 tum
1347 1527 1515 1605 quod
1561 1526 1777 1591 octoni
1819 1525 1919 1590 illi
1958 1525 2266 1606 prooemii
2310 1542 2417 1591 vv.
2465 1528 2675 1589 3--10

277 1664 280 1670 ·
363 1629 612 1695 octonis
649 1630 1081 1712 perorationis
1123 1636 1378 1698 49--56
1424 1631 1773 1698 manifesto
1815 1631 2231 1713 respondent,
2282 1631 2675 1712 quandoqui-

363 1739 508 1803 dem
554 1737 810 1818 utrique
839 1737 1263 1805 Vertumnum
1302 1759 1342 1805 a
1377 1739 1607 1806 Tuscis
1632 1741 1903 1806 Romam
1926 1739 2429 1823 transmigrasse
2462 1740 2676 1822 ibique

365 1850 440 1911 ut
480 1863 733 1928 semper
776 1846 995 1912 sedem
1037 1851 1268 1913 teneat
1311 1851 1542 1930 optare
1588 1849 1959 1914 ostendunt.

570 1953 830 2036 Restat,
873 1959 948 2018 ut
990 1973 1394 2036 quaeramuS,
1442 1974 1592 2021 num
1630 1956 1715 2020 111
1744 1955 1955 2021 media
1984 1955 2285 2020 carminis
2313 1958 2502 2037 parte
2527 1971 2678 2019 ean-

367 2061 510 2125 dem
552 2061 661 2127 vel
697 2061 969 2127 similem
1013 2062 1436 2144 componendi
1466 2063 1786 2129 rationem
1820 2067 2083 2129 secutus
2126 2062 2216 2127 sit
2255 2067 2466 2144 poeta.
2534 2062 2678 2127 Hoc

367 2169 622 2249 quidem
679 2169 748 2234 in
810 2171 1152 2251 propatulo
1211 2175 1332 2254 est,
1396 2171 1564 2236 binis
1624 2171 1918 2237 versibus
1974 2172 2105 2257 (21.
2156 2177 2236 2236 22
2284 2176 2353 2235 et
2396 2175 2500 2235 47.
2547 2170 2682 2256 48.)

365 2282 818 2360 argumentum
853 2277 1262 2364 pronuntiari
1292 2284 1360 2344 et
1401 2279 1673 2361 absolvi,
1713 2280 1827 2344 sed
1870 2278 2045 2352 intra
2071 2279 2187 2343 hos
2224 2277 2387 2343 fines
2430 2282 2679 2343 certam

366 2404 666 2452 versuum
710 2372 1156 2452 collocationis
1199 2406 1492 2453 normam
1537 2389 1817 2470 perspici
1854 2407 2042 2470 posse
2087 2427 2165 2437 —
2211 2387 2380 2466 quod
2424 2388 2678 2452 demon-

366 2499 578 2560 strare
637 2495 860 2560 studet
915 2495 1406 2579 Luetjohannes
1466 2498 1509 2561 1.
1554 2498 1600 2561 l.
1644 2516 1708 2578 p.
1753 2494 1854 2562 60·
1883 2535 1959 2544 —
2008 2514 2203 2579 nego;
2264 2493 2459 2575 quid?
2512 2494 2681 2575 quod

349 2604 568 2676 ‚talem
611 2603 992 2684 disponendi
1034 2603 1576 2684 aequabilitatem
1608 2604 1873 2670 consilio
1912 2603 2197 2669 evitasse
2230 2602 2387 2668 mihi
2419 2601 2680 2668 videtur

365 2717 578 2796 poeta,
629 2715 699 2776 ut
744 2711 851 2777 dei
893 2716 1197 2778 naturam
1233 2712 1483 2779 variam
1517 2717 1717 2793 atque
1757 2711 2134 2778 mutabilem
2167 2711 2551 2792 illustraret,
2600 2710 2681 2775 de

367 2840 494 2900 qua
535 2841 606 2886 re
650 2821 843 2902 paulo
889 2820 1061 2888 infra
1103 2820 1368 2887 uberius
1415 2821 1777 2903 disputabo,
1856 2819 2074 2902 Quare
2118 2819 2198 2884 de
2240 2819 2430 2884 huius
2471 2817 2681 2900 partis

367 2926 826 3012 compositione
870 2929 1032 2995 nihil
1079 2929 1258 2995 aliud
1301 2930 1718 2995 statuendum
1767 2947 1909 2996 esse
1952 2927 2234 3009 videtur,
2288 2926 2415 2991 nisi
2456 2944 2681 2992 narra-

367 3039 609 3104 tionem
663 3036 865 3119 illam,
927 3055 1054 3116 qua
1112 3038 1300 3102 deum
1341 3055 1559 3102 omnes
1603 3036 1873 3102 induere
1914 3053 2101 3118 posse
2144 3035 2386 3100 formas
2424 3029 2679 3100 demori-

365 3152 695 3213 straturus
737 3148 840 3210 est
865 3149 1074 3226 ⁴poeta
1116 3145 1426 3227 prooemii
1455 3143 1986 3227 etperorationis
2015 3143 2251 3209 finibus
2291 3161 2435 3208 esse
2475 3143 2679 3207 inclu-

367 3273 520 3322 sam.
607 3249 904 3319 Eandem
959 3271 1112 3319 vero
1157 3254 1265 3320 vel
1313 3253 1589 3320 similem
1646 3253 2073 3319 membrorum
2121 3251 2677 3332 aequabilitatem,

367 3382 557 3444 quam
614 3361 704 3452 in,
738 3361 1058 3444 prooemio
1118 3367 1188 3427 et
1230 3362 1644 3444 peroratione
1689 3361 1903 3426 inesse
1950 3358 2374 3441 exposuimus,
2425 3359 2679 3424 demon-

365 3477 578 3537 strare
621 3489 748 3534 non
790 3487 1143 3550 possumus.

571 3577 879 3643 Videmus
921 3576 1124 3661 igitur
1169 3575 1472 3642 carminis
1530 3574 2056 3656 compositionem
2100 3592 2243 3639 esse
2285 3573 2678 3656 simplicissi-

365 3677 533 3752 mam
576 3686 773 3767 illam,
835 3704 1024 3765 quam
1080 3685 1174 3750 eis
1232 3684 1645 3767 carminibUS,
1708 3682 1938 3764 quibus
1982 3701 2213 3748 causas
2258 3681 2513 3763 aperire
2556 3681 2679 3747 sibi

365 3794 698 3878 proposuit
726 3793 1104 3875 Propertius
1134 3793 1460 3875 propriam
1503 3811 1648 3859 esse
1690 3792 2057 3858 habendam
2104 3790 2397 3874 diximUS,
2447 3789 2677 3857 deinde

366 3903 433 3968 in
471 3901 745 3986 singulis
782 3901 934 3984 illis,
977 3920 1142 3982 quae
1176 3903 1553 3984 plerumque
1580 3901 1648 3966 in
1677 3902 1923 3967 talibus
1946 3899 2337 3966 carminibus
2366 3899 2683 3982 distingui

365 4016 636 4093 possunt
661 4011 960 4092 partibus
985 4014 1232 4075 certam
1254 4012 1681 4077 membrorum
1713 4009 2251 4090 aequabilitatem
2271 4026 2399 4074 non
2418 4027 2680 4090 prorsus

367 4137 509 4184 esse
551 4119 942 4201 neglectam,
987 4119 1100 4183 sed
1142 4136 1350 4198 neque
1381 4118 1449 4182 iu
1486 4137 1620 4184 una
1655 4135 1909 4198 quaque
1944 4121 2133 4199 parte
2172 4134 2314 4182 esse
2346 4120 2678 4182 servatam

366 4245 574 4307 neque
615 4225 683 4291 in
728 4226 978 4293 duabus
1005 4226 1158 4310 illis,
1204 4226 1273 4291 in
1299 4225 1529 4306 quibus
1555 4245 1700 4291 eam
1722 4225 2228 4308 observavimus,
2272 4242 2414 4290 esse
2458 4227 2679 4310 talem,

367 4338 442 4398 ut
482 4334 677 4416 plane
720 4333 948 4410 eadem
986 4334 1242 4399 ratione
1283 4335 1562 4414 utraque
1595 4352 1749 4415 pars
1792 4332 2145 4414 composita
2184 4350 2325 4398 esse
2355 4332 2678 4399 videatur.

369 4441 780 4524 Quapropter
819 4441 1261 4526 Luetjohanni
1317 4440 1802 4508 assentiendum
1848 4458 1991 4506 ,non
2052 4445 2173 4523 est,
2234 4440 2344 4520 qui
2388 4441 2441 4524 J.
2485 4441 2528 4506 l.
2573 4460 2674 4523 pp.

305 4578 336 4628 χ
367 4557 448 4616 68
493 4569 585 4631 sq.
634 4551 1051 4630 quaternario
1104 4567 1406 4616 versuum
1452 4567 1715 4619 numero
1774 4552 2036 4614 servato
2087 4539 2379 4614 omnibus
2423 4549 2491 4614 in
2536 4567 2675 4615 car-
