3142 4984
1288 427 1714 488 -51-

345 593 424 675 V,
478 598 508 656 1
558 596 747 672 parte
806 591 1116 659 statuisse
1162 611 1359 674 supra
1399 591 1759 658 attulimus.
1842 591 2009 657 Nam
2057 591 2353 671 quoniam
2403 592 2656 656 demon-

346 701 697 768 stravimus
744 704 893 782 post
931 718 1195 766 amoren
1241 702 1495 766 demum
1537 701 1676 767 tale
1721 718 1881 782 opus
1923 699 2242 781 incepisse
2286 704 2544 781 poetam
2591 703 2660 763 et

346 828 428 875 ne
474 809 847 874 absolveret
891 814 1099 875 morte
1139 821 1281 874 eum
1318 825 1460 875 esse
1498 809 1898 892 impeditum,
1947 809 2282 890 utriusque
2327 797 2453 875 viri
2486 808 2661 874 docti
2769 826 2772 830 ⁴

348 916 679 982 sententia
696 916 781 982 ad
802 915 1057 982 irritum
1077 917 1257 982 cadit
1279 935 1489 998 neque
1510 935 1652 983 esse
1675 916 1954 999 videtur,
1979 935 2093 983 cur
2117 918 2386 983 verbum
2409 916 2658 981 addam.

560 1023 711 1089 Jam
756 1024 951 1089 aliam
996 1025 1170 1090 viam
1210 1025 1295 1089 ad
1341 1025 1791 1106 explicandam
1848 1026 2018 1090 hanc
2061 1025 2338 1089 alteram
2381 1044 2434 1089 c.
2483 1023 2560 1103 V,
2608 1029 2660 1103 1,

304 1175 313 1180 ·
355 1137 533 1196 71-
564 1139 678 1197 150
742 1137 994 1214 partem
1056 1132 1389 1215 ingressus
1457 1137 1560 1198 est
1603 1133 2120 1218 Fuerstenau1),
2180 1130 2288 1212 qui
2325 1150 2430 1199 vv.
2476 1132 2556 1213 V,
2609 1137 2662 1212 1,

364 1245 493 1303 1-
521 1245 642 1303 150
686 1257 803 1320 pro
837 1243 1158 1320 prooemio
1189 1259 1447 1305 carmm.
1494 1240 1750 1305 illorum
1781 1247 1838 1306 2.
1859 1243 1920 1305 4.
1950 1243 2105 1305 cett.
2151 1258 2292 1304 esse
2338 1239 2668 1304 habendos

355 1346 802 1412 demonstrare
852 1348 1094 1429 studet,
1141 1367 1182 1413 a
1225 1353 1423 1428 poeta
1464 1347 1731 1430 factum,
1780 1353 1856 1415 nt
1901 1366 2038 1415 cum
2079 1349 2215 1433 jam
2238 1347 2500 1432 juvenis
2545 1347 2668 1412 sibi

354 1453 823 1536 proposuisset,
901 1473 1089 1520 sacra
1166 1455 1430 1535 diesque
1492 1458 1560 1520 et
1636 1455 2018 1539 cognomina
2089 1454 2303 1537 prisca
2384 1457 2666 1520 locorum

358 1579 593 1626 canere
657 1601 736 1612 --
797 1564 1078 1628 nondum
1146 1561 1457 1628 cecinisse
1518 1601 1600 1612 —-—
1661 1563 1729 1629 in
1788 1561 1883 1628 eis
1940 1562 2301 1646 pangendis
2348 1561 2670 1645 Cynthiae

358 1687 575 1734 amore
598 1687 739 1734 esse
769 1669 1201 1751 interceptum
1246 1669 1588 1735 indicaret.
1655 1668 1784 1734 Sed
1805 1670 1861 1734 si
1903 1671 2023 1735 hoc
2047 1669 2312 1735 consilio
2360 1668 2670 1750 scriptum

361 1784 536 1843 esset
566 1796 826 1843 carmen
870 1783 939 1844 et
984 1777 1151 1844 alias
1195 1778 1511 1843 exsistere
1558 1777 1988 1844 difficultates
2031 1783 2100 1842 et
2137 1775 2484 1859 permirum
2530 1794 2672 1841 esse

362 1889 640 1968 poetam,
688 1887 985 1966 quamvis
1028 1885 1188 1953 nibil
1230 1886 1407 1952 aliud
1453 1885 1670 1951 dicere
1705 1886 2005 1967 voluerit,
2051 1884 2177 1952 nisi
2219 1885 2464 1950 talibus
2507 1885 2676 1965 epici

362 1993 621 2077 generis
666 1995 1057 2060 carminibus
1112 1995 1738 2076 operam‚quondam
1795 2011 1866 2059 se
1910 1992 2166 2059 dedisse
2213 1993 2501 2075 quidem,
2563 1994 2677 2059 sed

364 2102 553 2168 unius
575 2103 832 2184 puellae
876 2121 1095 2169 amore
1132 2104 1215 2168 ab
1244 2102 1376 2169 illis
1421 2120 1563 2168 esse
1597 2107 1962 2183 avocatum,
2010 2108 2145 2168 tam
2189 2101 2395 2168 multa
2415 2107 2676 2181 tamque

365 2211 599 2295 gravia
644 2211 878 2276 fecisse
923 2213 1127 2277 verba
1168 2211 1702 2294 Eschenburgius
1745 2210 1786 2275 l.
1829 2209 1870 2275 l.
1914 2229 1973 2291 p.
2023 2217 2126 2276 99.
2171 2214 2409 2281 monet.
2492 2209 2678 2292 Quae

366 2337 510 2385 cum
531 2318 627 2385 ita
672 2319 805 2385 sint
824 2319 1041 2384 nescio
1064 2337 1151 2385 an
1173 2321 1624 2402 comprobetur
1643 2318 2121 2402 Eschenburgii
2146 2323 2214 2384 et
2237 2319 2679 2402 Heymreichii

368 2428 437 2510 (l.
491 2427 533 2492 l.
599 2446 701 2509 pp.
768 2433 889 2491 673
952 2429 1119 2515 sqq.)
1178 2427 1543 2510 sententia,
1616 2426 1726 2507 qui
1775 2427 2024 2508 spurios
2084 2428 2201 2492 hos
2254 2445 2396 2492 esse
2456 2445 2682 2493 versus

370 2538 800 2618 contendunt,
861 2538 969 2603 vel
1011 2537 1201 2614 illud,
1262 2538 1431 2617 quod
1469 2537 1746 2618 protulit
1783 2536 2198 2619 Luetjohann
2245 2537 2314 2622 (l.
2359 2535 2398 2600 1.
2444 2554 2504 2616 p.
2554 2538 2680 2615 54),

372 2646 542 2711 hanc
584 2646 865 2712 alteram
908 2649 1163 2726 partem
1206 2647 1291 2712 ad
1336 2646 1746 2727 Propertium
1812 2663 1954 2710 esse
1998 2644 2308 2725 scriptam
2350 2645 2433 2709 ab
2478 2644 2684 2709 amico

375 2755 683 2835 quodam,
744 2760 818 2818 ut
861 2755 943 2819 ab
990 2773 1206 2820 amore
1251 2759 1541 2820 nostrum
1584 2758 1944 2821 revocaret.
2033 2753 2181 2818 Sed·
2220 2752 2686 2834 probabilitate

375 2861 630 2927 omnino
692 2879 917 2926 carere
988 2863 1104 2928 hos
1163 2881 1392 2928 versus
1451 2881 1594 2928 esse
1655 2867 1773 2928 aut
1839 2861 2089 2944 spurios
2146 2868 2263 2927 aut
2342 2862 2424 2926 ab
2479 2861 2688 2925 altero

378 2970 650 3048 quodam
702 2970 786 3034 ad
829 2969 1241 3052 Propertium
1282 2970 1489 3052 ipsum
1536 2971 1842 3052 scriptOS,
1889 2970 2169 3053 Vogtius
2189 2970 2240 3056 2)
2286 2968 2450 3034 satis
2490 2969 2692 3034 firmis

379 3077 569 3144 docet
583 3078 1005 3161 argumentiS,
1030 3079 1116 3145 ad·
1141 3097 1347 3161 quem,
1373 3098 1455 3145 ne
1470 3083 1626 3145 acta
1647 3097 1866 3161 agam,
1899 3095 2409 3158 unumquemque
2439 3096 2691 3144 revoco.

381 3185 660 3268 Vogtius
711 3190 929 3252 autem
982 3186 1121 3268 ipse
1180 3206 1283 3254 vv.
1332 3187 1412 3269 V,
1464 3193 1521 3269 1,
1572 3192 1810 3252 1—50
1864 3206 2060 3253 unum
2116 3186 2377 3252 efficere
2431 3203 2690 3252 carmen

382 3294 614 3359 docere
639 3293 881 3388 studet,
930 3312 1074 3359 cum
1094 3295 1365 3361 formam
1392 3295 1696 3361 carminis
1728 3313 1872 3362 esse
1892 3296 2072 3361 illam
2097 3295 2260 3361 satis
2285 3294 2691 3375 frequentem

384 3419 509 3481 qua
566 3407 763 3483 poeta
822 3421 863 3467 a
916 3403 1219 3486 graviore
1290 3422 1487 3470 causa
1544 3404 1630 3470 ad
1700 3404 2008 3470 leviorem
2062 3423 2131 3470 se
2192 3409 2459 3471 revocet
2519 3401 2694 3470 dicit.

386 3507 513 3573 Sed
570 3508 743 3573 inter
802 3512 1096 3592 exempla
1150 3512 1305 3594 illa,
1374 3530 1540 3594 quae
1591 3512 1675 3577 ad
1741 3511 2243 3578 confirmandam
2299 3511 2693 3577 sententiam

386 3635 566 3682 suam
622 3634 702 3681 ex
754 3616 1093 3698 Propertio
1146 3619 1284 3701 ipso
1338 3619 1495 3705 (IV,
1545 3623 1638 3703 2),
1700 3618 1976 3685 Horatio
2033 3624 2114 3702 (c.
2174 3618 2261 3701 11,
2330 3625 2381 3682 1.
2441 3617 2564 3700 ΙΙΙ,
2630 3624 2695 3698 3)

388 3724 599 3791 ovidio
637 3724 807 3810 (Am.
834 3723 887 3807 I,
929 3727 993 3813 1)
1034 3726 1247 3809 affert,
1292 3732 1360 3793 et
1384 3733 1676 3794 nostrum
1703 3747 1963 3794 carmen
1985 3745 2068 3792 ne
2087 3726 2412 3792 minimam
2449 3727 2704 3806 quidem

391 3850 533 3898 esse
568 3830 1071 3916 similitudinem,
1108 3834 1218 3915 qui
1261 3837 1424 3901 haec
1448 3835 1740 3902 carmina
1784 3835 2022 3902 leviter
2065 3838 2323 3900 tantum
2348 3835 2704 3917 perlegerit

388 3941 586 4008 facile
630 3941 959 4007 concedet.
1050 3943 1316 4010 Etenim
1376 3963 1638 4011 carmen
1682 3948 1972 4011 nostrum
2019 3943 2100 4008 ab
2147 3942 2305 4025 illis,
2369 3961 2534 4022 quae
2576 3942 2703 4008 iste

384 4051 628 4134 jactat,
676 4050 870 4130 plane
916 4056 1019 4116 est
1065 4052 1388 4120 diversum
1434 4071 1541 4135 eo,
1605 4054 1774 4133 quod
1818 4057 2074 4134 poetam
2117 4051 2449 4117 consilium
2493 4051 2704 4132 priore
2793 4053 2797 4058 ’

392 4155 698 4222 carminis
758 4163 947 4238 parte
992 4161 1507 4244 pronuntiatum,
1562 4161 1856 4241 quamvis
1899 4159 2139 4243 Vogtio
2198 4163 2465 4224 auctore
2508 4176 2577 4223 se
2623 4161 2705 4224 ab
2759 4159 2764 4166 ’

393 4265 506 4332 1110
552 4272 786 4335 avocet
815 4266 1172 4348 posteriore
1222 4269 1507 4352 ejusdem
1536 4269 1839 4336 carminis
1880 4273 2070 4350 parte
2113 4284 2256 4334 esse
2298 4272 2708 4348 persecutum

619 4437 656 4504 ¹)
694 4435 935 4499 Quaestt.
974 4433 1128 4504 Prop.
1168 4435 1401 4491 Rintoln.
1448 4437 1594 4491 1845.

614 4529 657 4590 2)
696 4525 823 4579 diss.
858 4525 922 4581 de
957 4527 995 4580 l.
1032 4527 1122 4582 IV.
1159 4527 1313 4598 Prop.
1350 4527 1617 4596 Helsingf.
1656 4527 1787 4581 1872
1823 4544 1909 4597 pp.
1949 4527 2014 4580 27
2044 4532 2099 4582 et
2125 4529 2189 4580 37
2228 4545 2342 4597 sqq.
