3142 4984
1603 424 1987 482 ..6—

643 611 726 677 ad
740 610 1144 691 Propertium
1170 627 1298 674 non
1318 627 1461 675 esse
1474 610 1886 676 referendam
1907 612 2341 691 demonstrat3
2367 611 2540 682 Luet
2542 613 2868 696 johannes
2887 615 2959 699 ¹),

642 718 750 798 qui
792 719 982 784 huius
1016 717 1166 783 libri
1186 717 1377 782 fidem
1405 723 1637 784 contra
1685 737 1812 802 eos,
1860 737 2018 799 quos
2043 719 2392 802 nominavi,
2415 737 2521 786 vv.
2561 721 2666 786 dd.
2691 725 2962 786 tutatur

640 844 861 892 omnes
912 825 1123 891 ultimi
1180 825 1330 892 11bri
1388 827 1637 907 elegias
1697 846 1840 892 esse
1903 827 2369 910 Propertianas
2427 827 2619 893 docet
2677 833 2963 909 excepta

636 935 851 1000 altera
893 933 1011 1000 illa
1055 952 1109 999 c.
1160 939 1191 998 1
1223 939 1435 1016 parte,
1484 953 1674 1014 quam
1721 937 1804 1002 ab
1850 935 2056 1002 amico
2089 936 2364 1015 quodam
2412 936 2495 1002 ad
2539 937 2960 1019 Propertium

641 1058 785 1108 esse
829 1040 1140 1122 scriptam
1185 1041 1505 1124 opinatur.

840 1148 992 1215 Jam
1054 1167 1273 1215 omnes
1331 1151 1455 1216 hae
1516 1149 1962 1231 quaestiones,
2036 1169 2196 1230 quas
2255 1151 2624 1216 habuerunt
2683 1169 2786 1219 vv.
2848 1152 2958 1216 dd.

638 1257 823 1324 modo
885 1258 1392 1340 commemorati,
1455 1258 1756 1339 quoniam
1815 1275 1941 1322 non
2000 1257 2125 1322 nisi
2171 1263 2516 1340 perspecta
2559 1259 2701 1340 ipsa
2742 1259 2961 1341 poesis

636 1365 1107 1448 Propertianae
1154 1369 1394 1431 natura
1433 1365 1777 1450 dijudicari
1820 1369 2126 1448 possunt,
2167 1365 2439 1448 primum
2486 1367 2716 1446 quibus
2759 1369 2959 1432 rebus

634 1473 877 1556 singuli
930 1473 1287 1558 elegiarum
1334 1473 1660 1554 Propertii
1720 1474 1868 1538 libri
1923 1475 2099 1540 inter
2147 1492 2217 1540 se
2259 1474 2567 1540 differant
2597 1475 2954 1556 exquiram,

638 1581 871 1647 deinde
918 1600 1152 1647 causas
1194 1581 1390 1663 ipsaS,
1426 1582 1598 1647 unde
1642 1582 1944 1648 discrima
1966 1583 2102 1665 illa,
2135 1601 2301 1662 quae
2325 1583 2744 1649 intercedunt
2774 1583 2954 1648 inter

632 1689 926 1773 singulos
962 1689 1163 1754 libros
1208 1689 1341 1755 sint
1386 1688 1686 1770 profecta
1731 1690 2078 1773 indagabo.

789 1883 851 1955 1.
915 1882 1027 1954 De
1072 1881 1330 1969 poesis
1377 1882 1929 1970 Propertianae
1976 1882 2274 1955 ratione
2312 1888 2392 1954 et
2434 1883 2780 1957 consilio.

838 2011 1202 2094 ,Quaerenti
1246 2011 1421 2093 mihi,
1469 2031 1813 2092 quamnam
1840 2012 2244 2094 potissimum
2281 2012 2454 2079 viam
2492 2013 2560 2077 in
2605 2015 2729 2078 hac
2755 2032 2946 2093 quam

634 2120 791 2187 mihi
814 2119 1149 2203 proposui,
1196 2120 1580 2200 quaestione
1623 2120 1977 2187 tractanda
2017 2139 2388 2204 persequar,
2435 2121 2950 2201 quandoquidem

635 2231 811 2295 inter
882 2227 1267 2310 praecipuos
1324 2227 1631 2294 carminis
1700 2229 1975 2311 elegiaci
2035 2234 2336 2295 auctores
2396 2229 2776 2310 Propertius
2847 2235 2949 2295 est

637 2335 1038 2419 referenduS,
1064 2336 1409 2402 admodum
1435 2355 1469 2400 e
1490 2355 1563 2401 re
1600 2353 1742 2402 esse
1769 2335 2050 2419 videtur,
2091 2337 2174 2403 ab
2199 2336 2452 2420 elegiae
2473 2336 2674 2419 ipsius
2711 2339 2948 2402 natura

632 2449 703 2510 et
741 2444 959 2511 indole
999 2443 1339 2526 proficisci.
1790 2434 1797 2438 ’

688 2620 699 2636 ,
840 2551 1081 2618 Notum
1126 2556 1231 2617 est
1274 2551 1528 2634 elegiae
1570 2569 1804 2618 nomen
1849 2553 2112 2618 ductum
2159 2571 2301 2618 esse
2343 2572 2384 2618 a
2410 2553 2684 2618 metr-ica
2720 2553 2944 2634 forma,

632 2658 703 2725 in
766 2675 893 2739 qua
958 2660 1077 2725 hoc
1134 2660 1346 2742 poesis
1420 2679 1630 2743 genus
1703 2661 2046 2742 reperitur.
2133 2656 2408 2747 Ἔλεγος
2454 2662 2650 2744 enim,
2727 2681 2768 2728 a
2823 2679 2945 2741 quo

633 2768 993 2850 repetenda
1048 2773 1153 2834 est
1202 2768 1528 2852 „elegia“,
1596 2767 1870 2849 primum
1927 2775 1997 2834 et
2052 2769 2309 2852 proprie
2353 2769 2683 2852 significat
2741 2770 2942 2835 tibiae

634 2876 873 2958 modOS,
916 2876 986 2942 in
1014 2876 1245 2957 quibus
1283 2876 1727 2958 pentamentri
1763 2895 1993 2944 versus
2034 2896 2333 2944 numeros
2362 2895 2702 2960 expressos
2746 2878 2943 2946 fuisse

631 2981 772 3049 veri
839 2986 944 3049 est
1010 2983 1418 3050 simillimum.
1524 2983 1780 3050 Deinde
1839 2985 2181 3052 distichum
2239 3005 2321 3051 ex
2345 3013 2350 3018 ·
2378 2987 2755 3053 hexametro
2792 3004 2943 3068 pen-

634 3093 1042 3171 tametroque
1120 3091 1539 3174 compositum
1629 3093 2032 3175 appellatum
2127 3099 2231 3159 est
2301 3093 2612 3180 ἐλεγεῖον,
2688 3111 2942 3158 carmen

637 3217 793 3266 vero
867 3217 949 3264 ex
1020 3199 1265 3266 talibus
1322 3199 1621 3276 distichis
1690 3206 2068 3268 contextum
2139 3200 2393 3285 ἐλεγεῖα.
2511 3203 2731 3280 Atque
2786 3219 2941 3282 pure

646 3323 789 3371 esse
858 3306 1193 3373 metricam
1274 3306 1527 3390 elegiae
1602 3309 1880 3374 nominis
1950 3307 2491 3390 significationem
2577 3309 2772 3374 testis
2843 3313 2942 3373 est

633 3413 1016 3497 DiomedeS,
1062 3415 1172 3495 qui
1214 3415 1375 3480 dicit
1419 3417 1573 3504 (III,
1613 3437 1670 3498 p.
1716 3420 1863 3498 484,
1913 3421 1992 3480 1¹7
2037 3415 2183 3503 K.):
2249 3416 2504 3498 „elegia
2542 3420 2645 3484 est
2683 3434 2940 3482 carmen

631 3521 1050 3603 compositum
1094 3523 1472 3590 hexametro
1516 3527 2055 3606 pentametroque
2099 3542 2152 3590 e.
2195 3542 2256 3604 q.
2303 3528 2388 3589 s.“

832 3629 880 3695 J
881 3649 985 3696 am
1024 3650 1179 3698 vero
1217 3637 1291 3697 ut
1335 3651 1799 3716 cognoscamus
1841 3636 2144 3698 naturam
2171 3635 2240 3697 et
2259 3631 2390 3699 vim
2434 3631 2760 3712 propriam
2805 3649 2938 3696 car-

638 3737 829 3804 minis
884 3739 1179 3824 elegiaci,
1236 3759 1402 3820 quae
1445 3741 1850 3825 argumentis
1891 3739 2310 3823 perspicitur,
2357 3739 2656 3820 quoniam
2709 3757 2790 3804 ex
2843 3738 2939 3806 his

630 3865 797 3927 quae
841 3847 923 3914 de
957 3848 1209 3932 elegiae
1258 3850 1437 3918 vocis
1487 3849 1966 3934 significa-tione
2005 3848 2362 3931 attulimus,
2403 3852 2700 3930 apparet,
2747 3866 2933 3930 argu·

631 3959 872 4039 menta,
897 3974 1062 4036 quae
1090 3957 1319 4042 elegiis
1336 3959 1580 4027 includi
1611 3963 1901 4042 possunt,
1924 3973 2066 4024 esse
2092 3957 2414 4039 pervaria,
2437 3958 2939 4039 contemplemur

630 4067 918 4147 oportet,
982 4064 1133 4144 quid
1193 4084 1432 4132 causae
1490 4067 1694 4133 fuerit
1745 4085 1860 4132 cur
1911 4063 2112 4146 epicis
2168 4063 2561 4130 carminibus
2624 4061 2936 4146 neglect-is

584 4257 588 4263 ⁵
627 4189 863 4237 novum
906 4171 1119 4254 poesis
1174 4191 1381 4255 genus
1431 4173 1561 4240 sibi
1615 4178 1926 4255 parerent
1965 4170 2201 4237 Jonici.
2292 4172 2512 4252 Atque
2569 4171 2784 4252 posita
2838 4171 2934 4233 est

627 4297 827 4345 causa
868 4279 936 4345 in
972 4299 1079 4363 ec,
1142 4281 1311 4361 quod
1364 4281 1462 4372 illi
1507 4300 1820 4348 summam
1883 4298 2098 4346 rerum
2149 4297 2411 4346 suarum
2458 4293 2932 4344 conversionem

837 4489 874 4556 ¹)
911 4488 1397 4545 Commentationes
1432 4491 1622 4560 Proop.
1665 4492 1841 4546 Kiliae
1887 4493 2034 4546 1869.
