<?xml version="1.0" encoding="UTF-8"?>
<!DOCTYPE html PUBLIC "-//W3C//DTD XHTML 1.0 Transitional//EN"
    "http://www.w3.org/TR/xhtml1/DTD/xhtml1-transitional.dtd">
<html xmlns="http://www.w3.org/1999/xhtml" xml:lang="en" lang="en">
 <head>
  <title>
</title>
<meta http-equiv="Content-Type" content="text/html;charset=utf-8" />
  <meta name='ocr-system' content='tesseract 3.04.00' />
  <meta name='ocr-capabilities' content='ocr_page ocr_carea ocr_par ocr_line ocrx_word'/>
</head>
<body>
  <div class='ocr_page' id='page_1' title='image "./quaestionesprop00schagoog_0071.png"; bbox 0 0 3142 4984; ppageno 0'>
   <div class='ocr_carea' id='block_1_1' title="bbox 1272 489 1695 548">
    <p class='ocr_par' dir='ltr' id='par_1_1' title="bbox 1272 489 1695 548">
     <span class='ocr_line' id='line_1_1' title="bbox 1272 489 1695 548; baseline -0.002 -14"><span class='ocrx_word' id='word_1_1' title='bbox 1272 489 1695 548; x_wconf 78' lang='grc'>...69-</span> 
     </span>
    </p>
   </div>
   <div class='ocr_carea' id='block_1_2' title="bbox 319 651 2639 1605">
    <p class='ocr_par' dir='ltr' id='par_1_2' title="bbox 319 651 2639 1605">
     <span class='ocr_line' id='line_1_2' title="bbox 329 651 2636 736; baseline -0.001 -17"><span class='ocrx_word' id='word_1_2' title='bbox 329 672 458 719; x_wconf 92' lang='lat' dir='ltr'>non</span> <span class='ocrx_word' id='word_1_3' title='bbox 500 654 742 720; x_wconf 86' lang='lat' dir='ltr'>addere</span> <span class='ocrx_word' id='word_1_4' title='bbox 778 654 965 720; x_wconf 90' lang='lat' dir='ltr'>deum</span> <span class='ocrx_word' id='word_1_5' title='bbox 996 673 1256 722; x_wconf 85' lang='lat' dir='ltr'>causam</span> <span class='ocrx_word' id='word_1_6' title='bbox 1301 656 1369 721; x_wconf 91' lang='lat' dir='ltr'>in</span> <span class='ocrx_word' id='word_1_7' title='bbox 1405 655 1748 736; x_wconf 80' lang='lat' dir='ltr'>propatulo</span> <span class='ocrx_word' id='word_1_8' title='bbox 1795 657 1914 734; x_wconf 89' lang='lat' dir='ltr'>est,</span> <span class='ocrx_word' id='word_1_9' title='bbox 1957 651 2056 718; x_wconf 84' lang='lat' dir='ltr'>ita</span> <span class='ocrx_word' id='word_1_10' title='bbox 2081 651 2383 736; x_wconf 90' lang='lat' dir='ltr'>Luetjoh.</span> <span class='ocrx_word' id='word_1_11' title='bbox 2429 655 2500 719; x_wconf 90' lang='lat' dir='ltr'>et</span> <span class='ocrx_word' id='word_1_12' title='bbox 2532 651 2636 717; x_wconf 91' lang='lat' dir='ltr'>his</span> 
     </span>
     <span class='ocr_line' id='line_1_3' title="bbox 331 762 2634 847; baseline -0.002 -19"><span class='ocrx_word' id='word_1_13' title='bbox 331 767 401 828; x_wconf 90' lang='lat' dir='ltr'>et</span> <span class='ocrx_word' id='word_1_14' title='bbox 449 769 527 829; x_wconf 87' lang='grc'>13</span> <span class='ocrx_word' id='word_1_15' title='bbox 573 781 707 845; x_wconf 90' lang='lat' dir='ltr'>sqq.</span> <span class='ocrx_word' id='word_1_16' title='bbox 741 782 847 830; x_wconf 87' lang='lat' dir='ltr'>vv.</span> <span class='ocrx_word' id='word_1_17' title='bbox 892 765 1187 847; x_wconf 84' lang='lat' dir='ltr'>exempla</span> <span class='ocrx_word' id='word_1_18' title='bbox 1213 765 1539 831; x_wconf 86' lang='lat' dir='ltr'>fructuum</span> <span class='ocrx_word' id='word_1_19' title='bbox 1562 763 1632 828; x_wconf 92' lang='lat' dir='ltr'>in</span> <span class='ocrx_word' id='word_1_20' title='bbox 1669 762 1774 828; x_wconf 89' lang='lat' dir='ltr'>dei</span> <span class='ocrx_word' id='word_1_21' title='bbox 1800 763 2106 828; x_wconf 83' lang='lat' dir='ltr'><strong>honorem</strong></span> <span class='ocrx_word' id='word_1_22' title='bbox 2141 765 2634 842; x_wconf 89' lang='lat' dir='ltr'>praeceptorum</span> 
     </span>
     <span class='ocr_line' id='line_1_4' title="bbox 328 869 2632 955; baseline -0.003 -19"><span class='ocrx_word' id='word_1_23' title='bbox 328 870 621 937; x_wconf 80' lang='lat' dir='ltr'>enarrari</span> <span class='ocrx_word' id='word_1_24' title='bbox 662 871 1013 938; x_wconf 86' lang='lat' dir='ltr'>existimat.</span> <span class='ocrx_word' id='word_1_25' title='bbox 1100 873 1371 938; x_wconf 80' lang='lat' dir='ltr'><strong>Rectius</strong></span> <span class='ocrx_word' id='word_1_26' title='bbox 1421 871 1626 955; x_wconf 84' lang='lat' dir='ltr'>igitur</span> <span class='ocrx_word' id='word_1_27' title='bbox 1685 889 1726 936; x_wconf 92' lang='lat' dir='ltr'>a</span> <span class='ocrx_word' id='word_1_28' title='bbox 1771 869 2134 935; x_wconf 87' lang='lat' dir='ltr'>Schradero</span> <span class='ocrx_word' id='word_1_29' title='bbox 2193 886 2299 935; x_wconf 87' lang='lat' dir='ltr'>vv.</span> <span class='ocrx_word' id='word_1_30' title='bbox 2353 871 2433 932; x_wconf 86' lang='lat'>41</span> <span class='ocrx_word' id='word_1_31' title='bbox 2495 885 2632 946; x_wconf 87' lang='lat' dir='ltr'>sqq.</span> 
     </span>
     <span class='ocr_line' id='line_1_5' title="bbox 325 974 2637 1064; baseline -0.002 -20"><span class='ocrx_word' id='word_1_32' title='bbox 325 983 475 1060; x_wconf 89' lang='lat' dir='ltr'>post</span> <span class='ocrx_word' id='word_1_33' title='bbox 518 997 577 1045; x_wconf 89' lang='lat' dir='ltr'>v.</span> <span class='ocrx_word' id='word_1_34' title='bbox 624 985 704 1045; x_wconf 87' lang='lat'>18</span> <span class='ocrx_word' id='word_1_35' title='bbox 749 997 891 1045; x_wconf 93' lang='lat' dir='ltr'>esse</span> <span class='ocrx_word' id='word_1_36' title='bbox 949 980 1381 1064; x_wconf 86' lang='lat' dir='ltr'>transpositos</span> <span class='ocrx_word' id='word_1_37' title='bbox 1440 982 1736 1062; x_wconf 88' lang='lat' dir='ltr'>apparet,</span> <span class='ocrx_word' id='word_1_38' title='bbox 1802 976 2101 1058; x_wconf 89' lang='lat' dir='ltr'>quoniam</span> <span class='ocrx_word' id='word_1_39' title='bbox 2159 975 2266 1041; x_wconf 89' lang='lat' dir='ltr'>hic</span> <span class='ocrx_word' id='word_1_40' title='bbox 2308 974 2637 1040; x_wconf 83' lang='lat' dir='ltr'>nonnullis</span> 
     </span>
     <span class='ocr_line' id='line_1_6' title="bbox 319 1081 2636 1170; baseline -0.003 -19"><span class='ocrx_word' id='word_1_41' title='bbox 319 1087 457 1170; x_wconf 86' lang='lat' dir='ltr'>jam</span> <span class='ocrx_word' id='word_1_42' title='bbox 501 1086 811 1168; x_wconf 87' lang='lat' dir='ltr'>exemplis</span> <span class='ocrx_word' id='word_1_43' title='bbox 839 1087 1081 1170; x_wconf 81' lang='lat' dir='ltr'>allatiS,</span> <span class='ocrx_word' id='word_1_44' title='bbox 1127 1092 1202 1153; x_wconf 91' lang='lat' dir='ltr'>ut</span> <span class='ocrx_word' id='word_1_45' title='bbox 1242 1087 1383 1154; x_wconf 89' lang='lat' dir='ltr'>alia.</span> <span class='ocrx_word' id='word_1_46' title='bbox 1418 1087 1713 1168; x_wconf 88' lang='lat' dir='ltr'>adderet,</span> <span class='ocrx_word' id='word_1_47' title='bbox 1763 1083 2251 1168; x_wconf 77' lang='lat' dir='ltr'>praeteritionis</span> <span class='ocrx_word' id='word_1_48' title='bbox 2295 1081 2636 1148; x_wconf 85' lang='lat' dir='ltr'>formulam</span> 
     </span>
     <span class='ocr_line' id='line_1_7' title="bbox 330 1192 2633 1278; baseline -0.002 -18"><span class='ocrx_word' id='word_1_49' title='bbox 330 1194 639 1262; x_wconf 88' lang='lat' dir='ltr'>adhibere</span> <span class='ocrx_word' id='word_1_50' title='bbox 697 1197 911 1278; x_wconf 85' lang='lat' dir='ltr'>potuit</span> <span class='ocrx_word' id='word_1_51' title='bbox 964 1201 1179 1278; x_wconf 76' lang='lat' dir='ltr'>poeta.</span> <span class='ocrx_word' id='word_1_52' title='bbox 1267 1196 1520 1262; x_wconf 87' lang='lat' dir='ltr'>Deinde</span> <span class='ocrx_word' id='word_1_53' title='bbox 1579 1213 1734 1262; x_wconf 87' lang='lat' dir='ltr'>vero</span> <span class='ocrx_word' id='word_1_54' title='bbox 1788 1193 2068 1258; x_wconf 84' lang='lat' dir='ltr'>maxime</span> <span class='ocrx_word' id='word_1_55' title='bbox 2109 1192 2468 1258; x_wconf 88' lang='lat' dir='ltr'>cavendum</span> <span class='ocrx_word' id='word_1_56' title='bbox 2512 1194 2633 1271; x_wconf 89' lang='lat' dir='ltr'>est,</span> 
     </span>
     <span class='ocr_line' id='line_1_8' title="bbox 328 1299 2639 1386; baseline -0.002 -18"><span class='ocrx_word' id='word_1_57' title='bbox 328 1320 413 1368; x_wconf 89' lang='lat' dir='ltr'>ne</span> <span class='ocrx_word' id='word_1_58' title='bbox 462 1303 779 1386; x_wconf 88' lang='lat' dir='ltr'>„famam“</span> <span class='ocrx_word' id='word_1_59' title='bbox 806 1304 875 1370; x_wconf 92' lang='lat' dir='ltr'>in</span> <span class='ocrx_word' id='word_1_60' title='bbox 920 1323 981 1371; x_wconf 88' lang='lat' dir='ltr'>v.</span> <span class='ocrx_word' id='word_1_61' title='bbox 1027 1309 1108 1371; x_wconf 88' lang='lat'>41</span> <span class='ocrx_word' id='word_1_62' title='bbox 1153 1307 1734 1385; x_wconf 78' lang='lat' dir='ltr'>commemoratam,</span> <span class='ocrx_word' id='word_1_63' title='bbox 1776 1320 1884 1368; x_wconf 83' lang='lat' dir='ltr'>vv.</span> <span class='ocrx_word' id='word_1_64' title='bbox 1930 1305 2012 1367; x_wconf 88' lang='lat'>41</span> <span class='ocrx_word' id='word_1_65' title='bbox 2061 1319 2194 1382; x_wconf 89' lang='lat' dir='ltr'>sqq.</span> <span class='ocrx_word' id='word_1_66' title='bbox 2240 1299 2639 1365; x_wconf 88' lang='lat' dir='ltr'>revocandos</span> 
     </span>
     <span class='ocr_line' id='line_1_9' title="bbox 330 1397 2636 1496; baseline -0.002 -20"><span class='ocrx_word' id='word_1_67' title='bbox 330 1429 472 1476; x_wconf 90' lang='lat' dir='ltr'>esse</span> <span class='ocrx_word' id='word_1_68' title='bbox 511 1412 595 1478; x_wconf 91' lang='lat' dir='ltr'>ad</span> <span class='ocrx_word' id='word_1_69' title='bbox 639 1431 745 1479; x_wconf 86' lang='lat' dir='ltr'>vv.</span> <span class='ocrx_word' id='word_1_70' title='bbox 798 1418 874 1478; x_wconf 84' lang='lat'>13</span> <span class='ocrx_word' id='word_1_71' title='bbox 920 1431 1078 1496; x_wconf 78' lang='lat' dir='ltr'>sqq,</span> <span class='ocrx_word' id='word_1_72' title='bbox 1125 1413 1354 1494; x_wconf 89' lang='lat' dir='ltr'>quibus</span> <span class='ocrx_word' id='word_1_73' title='bbox 1389 1412 1543 1493; x_wconf 89' lang='lat' dir='ltr'>quid</span> <span class='ocrx_word' id='word_1_74' title='bbox 1593 1412 1844 1494; x_wconf 88' lang='lat' dir='ltr'>„fama“</span> <span class='ocrx_word' id='word_1_75' title='bbox 1885 1411 1966 1475; x_wconf 92' lang='lat' dir='ltr'>de</span> <span class='ocrx_word' id='word_1_76' title='bbox 2011 1411 2130 1475; x_wconf 92' lang='lat' dir='ltr'>deo</span> <span class='ocrx_word' id='word_1_77' title='bbox 2177 1408 2489 1474; x_wconf 86' lang='lat' dir='ltr'>statuerit</span> <span class='ocrx_word' id='word_1_78' title='bbox 2529 1397 2636 1472; x_wconf 70' lang='lat' dir='ltr'>eir-</span> 
     </span>
     <span class='ocr_line' id='line_1_10' title="bbox 327 1514 2636 1605; baseline 0 -25"><span class='ocrx_word' id='word_1_79' title='bbox 327 1522 626 1601; x_wconf 88' lang='lat' dir='ltr'>ponatur,</span> <span class='ocrx_word' id='word_1_80' title='bbox 673 1520 1118 1587; x_wconf 87' lang='lat' dir='ltr'>demonstrare</span> <span class='ocrx_word' id='word_1_81' title='bbox 1149 1520 1591 1605; x_wconf 89' lang='lat' dir='ltr'>Luetjohanni</span> <span class='ocrx_word' id='word_1_82' title='bbox 1623 1519 1980 1584; x_wconf 79' lang='lat' dir='ltr'>credamus,</span> <span class='ocrx_word' id='word_1_83' title='bbox 2046 1515 2264 1581; x_wconf 90' lang='lat' dir='ltr'>Aliam</span> <span class='ocrx_word' id='word_1_84' title='bbox 2295 1515 2464 1580; x_wconf 91' lang='lat' dir='ltr'>enim</span> <span class='ocrx_word' id='word_1_85' title='bbox 2501 1514 2636 1596; x_wconf 88' lang='lat' dir='ltr'>„fa-</span> 
     </span>
    </p>
   </div>
   <div class='ocr_carea' id='block_1_3' title="bbox 330 1623 2746 1708">
    <p class='ocr_par' dir='ltr' id='par_1_3' title="bbox 330 1623 2746 1708">
     <span class='ocr_line' id='line_1_11' title="bbox 330 1623 2746 1708; baseline -0.002 -17"><span class='ocrx_word' id='word_1_86' title='bbox 330 1631 537 1692; x_wconf 86' lang='lat' dir='ltr'>mam“</span> <span class='ocrx_word' id='word_1_87' title='bbox 584 1627 652 1693; x_wconf 92' lang='lat' dir='ltr'>in</span> <span class='ocrx_word' id='word_1_88' title='bbox 694 1628 813 1706; x_wconf 86' lang='lat' dir='ltr'>his,</span> <span class='ocrx_word' id='word_1_89' title='bbox 856 1628 1052 1695; x_wconf 90' lang='lat' dir='ltr'>aliam</span> <span class='ocrx_word' id='word_1_90' title='bbox 1093 1629 1163 1694; x_wconf 90' lang='lat' dir='ltr'>in</span> <span class='ocrx_word' id='word_1_91' title='bbox 1204 1629 1337 1695; x_wconf 91' lang='lat' dir='ltr'>illis</span> <span class='ocrx_word' id='word_1_92' title='bbox 1370 1628 1670 1696; x_wconf 81' lang='lat' dir='ltr'>versibus</span> <span class='ocrx_word' id='word_1_93' title='bbox 1707 1645 1853 1692; x_wconf 91' lang='lat' dir='ltr'>esse</span> <span class='ocrx_word' id='word_1_94' title='bbox 1893 1624 2390 1708; x_wconf 87' lang='lat' dir='ltr'>intelligendam</span> <span class='ocrx_word' id='word_1_95' title='bbox 2434 1623 2638 1688; x_wconf 90' lang='lat' dir='ltr'>totius</span> <span class='ocrx_word' id='word_1_96' title='bbox 2739 1640 2746 1647; x_wconf 92' lang='lat'><strong>·</strong></span> 
     </span>
    </p>
   </div>
   <div class='ocr_carea' id='block_1_4' title="bbox 320 1731 2644 4092">
    <p class='ocr_par' dir='ltr' id='par_1_4' title="bbox 320 1731 2644 4092">
     <span class='ocr_line' id='line_1_12' title="bbox 328 1731 2638 1818; baseline -0.001 -18"><span class='ocrx_word' id='word_1_97' title='bbox 328 1735 633 1801; x_wconf 80' lang='lat' dir='ltr'>carminis</span> <span class='ocrx_word' id='word_1_98' title='bbox 688 1741 1142 1818; x_wconf 81' lang='lat' dir='ltr'>argumentum</span> <span class='ocrx_word' id='word_1_99' title='bbox 1199 1741 1269 1802; x_wconf 91' lang='lat' dir='ltr'>et</span> <span class='ocrx_word' id='word_1_100' title='bbox 1328 1736 1679 1818; x_wconf 89' lang='lat' dir='ltr'>composito</span> <span class='ocrx_word' id='word_1_101' title='bbox 1743 1736 2048 1800; x_wconf 86' lang='lat' dir='ltr'>clamant.</span> <span class='ocrx_word' id='word_1_102' title='bbox 2139 1731 2424 1814; x_wconf 81' lang='lat' dir='ltr'>Etenim,</span> <span class='ocrx_word' id='word_1_103' title='bbox 2470 1731 2638 1811; x_wconf 87' lang='lat' dir='ltr'>quod</span> 
     </span>
     <span class='ocr_line' id='line_1_13' title="bbox 320 1840 2637 1928; baseline -0.003 -18"><span class='ocrx_word' id='word_1_104' title='bbox 320 1844 458 1928; x_wconf 77' lang='lat' dir='ltr'>Jam</span> <span class='ocrx_word' id='word_1_105' title='bbox 503 1843 761 1928; x_wconf 89' lang='lat' dir='ltr'>saepius</span> <span class='ocrx_word' id='word_1_106' title='bbox 803 1847 1179 1928; x_wconf 91' lang='lat' dir='ltr'>monuimus,</span> <span class='ocrx_word' id='word_1_107' title='bbox 1239 1847 1307 1911; x_wconf 92' lang='lat' dir='ltr'>in</span> <span class='ocrx_word' id='word_1_108' title='bbox 1364 1845 1572 1928; x_wconf 88' lang='lat' dir='ltr'>prima</span> <span class='ocrx_word' id='word_1_109' title='bbox 1616 1843 1921 1909; x_wconf 91' lang='lat' dir='ltr'>carminis</span> <span class='ocrx_word' id='word_1_110' title='bbox 1972 1847 2163 1924; x_wconf 90' lang='lat' dir='ltr'>parte</span> <span class='ocrx_word' id='word_1_111' title='bbox 2209 1842 2366 1907; x_wconf 92' lang='lat' dir='ltr'>deus</span> <span class='ocrx_word' id='word_1_112' title='bbox 2411 1840 2637 1921; x_wconf 79' lang='lat' dir='ltr'>falsaS,</span> 
     </span>
     <span class='ocr_line' id='line_1_14' title="bbox 331 1948 2637 2037; baseline -0.002 -20"><span class='ocrx_word' id='word_1_113' title='bbox 331 1969 497 2032; x_wconf 89' lang='lat' dir='ltr'>quae</span> <span class='ocrx_word' id='word_1_114' title='bbox 542 1953 623 2018; x_wconf 92' lang='lat' dir='ltr'>de</span> <span class='ocrx_word' id='word_1_115' title='bbox 673 1953 946 2018; x_wconf 90' lang='lat' dir='ltr'>nominis</span> <span class='ocrx_word' id='word_1_116' title='bbox 990 1953 1089 2020; x_wconf 89' lang='lat' dir='ltr'>sui</span> <span class='ocrx_word' id='word_1_117' title='bbox 1137 1954 1386 2037; x_wconf 86' lang='lat' dir='ltr'>origine</span> <span class='ocrx_word' id='word_1_118' title='bbox 1446 1952 1747 2018; x_wconf 87' lang='lat' dir='ltr'>ferantur</span> <span class='ocrx_word' id='word_1_119' title='bbox 1805 1950 2134 2032; x_wconf 85' lang='lat' dir='ltr'>opiniones</span> <span class='ocrx_word' id='word_1_120' title='bbox 2195 1948 2390 2014; x_wconf 86' lang='lat' dir='ltr'>affert</span> <span class='ocrx_word' id='word_1_121' title='bbox 2439 1953 2637 2028; x_wconf 89' lang='lat' dir='ltr'>atque</span> 
     </span>
     <span class='ocr_line' id='line_1_15' title="bbox 330 2055 2638 2143; baseline -0.002 -18"><span class='ocrx_word' id='word_1_122' title='bbox 330 2060 600 2128; x_wconf 85' lang='lat' dir='ltr'>refutat.</span> <span class='ocrx_word' id='word_1_123' title='bbox 677 2061 784 2127; x_wconf 85' lang='lat' dir='ltr'>Ex</span> <span class='ocrx_word' id='word_1_124' title='bbox 818 2062 1092 2128; x_wconf 90' lang='lat' dir='ltr'>alterius</span> <span class='ocrx_word' id='word_1_125' title='bbox 1133 2066 1354 2128; x_wconf 89' lang='lat' dir='ltr'>autem</span> <span class='ocrx_word' id='word_1_126' title='bbox 1385 2061 1596 2143; x_wconf 90' lang='lat' dir='ltr'>partis</span> <span class='ocrx_word' id='word_1_127' title='bbox 1636 2059 1931 2128; x_wconf 88' lang='lat' dir='ltr'>versibus</span> <span class='ocrx_word' id='word_1_128' title='bbox 1961 2058 2114 2123; x_wconf 89' lang='lat' dir='ltr'>illas</span> <span class='ocrx_word' id='word_1_129' title='bbox 2142 2055 2467 2123; x_wconf 89' lang='lat' dir='ltr'>hominum</span> <span class='ocrx_word' id='word_1_130' title='bbox 2507 2056 2638 2137; x_wconf 91' lang='lat' dir='ltr'>opi-</span> 
     </span>
     <span class='ocr_line' id='line_1_16' title="bbox 331 2164 2644 2250; baseline -0.001 -19"><span class='ocrx_word' id='word_1_131' title='bbox 331 2165 555 2234; x_wconf 89' lang='lat' dir='ltr'>niones</span> <span class='ocrx_word' id='word_1_132' title='bbox 599 2185 678 2233; x_wconf 90' lang='lat' dir='ltr'>ea</span> <span class='ocrx_word' id='word_1_133' title='bbox 721 2169 802 2235; x_wconf 91' lang='lat' dir='ltr'>de</span> <span class='ocrx_word' id='word_1_134' title='bbox 845 2187 1044 2235; x_wconf 87' lang='lat' dir='ltr'>causa</span> <span class='ocrx_word' id='word_1_135' title='bbox 1088 2169 1293 2236; x_wconf 87' lang='lat' dir='ltr'>falsas</span> <span class='ocrx_word' id='word_1_136' title='bbox 1319 2187 1461 2234; x_wconf 90' lang='lat' dir='ltr'>esse</span> <span class='ocrx_word' id='word_1_137' title='bbox 1488 2171 1782 2250; x_wconf 87' lang='lat' dir='ltr'>apparet,</span> <span class='ocrx_word' id='word_1_138' title='bbox 1827 2167 1994 2246; x_wconf 91' lang='lat' dir='ltr'>quod</span> <span class='ocrx_word' id='word_1_139' title='bbox 2027 2164 2302 2231; x_wconf 89' lang='lat' dir='ltr'>nominis</span> <span class='ocrx_word' id='word_1_140' title='bbox 2325 2164 2644 2246; x_wconf 85' lang='lat' dir='ltr'>originem·</span> 
     </span>
     <span class='ocr_line' id='line_1_17' title="bbox 330 2273 2640 2360; baseline -0.003 -18"><span class='ocrx_word' id='word_1_141' title='bbox 330 2275 415 2342; x_wconf 89' lang='lat' dir='ltr'>ad</span> <span class='ocrx_word' id='word_1_142' title='bbox 454 2294 648 2342; x_wconf 92' lang='lat' dir='ltr'>unam</span> <span class='ocrx_word' id='word_1_143' title='bbox 674 2277 797 2360; x_wconf 29' lang='lat' dir='ltr'>,vel</span> <span class='ocrx_word' id='word_1_144' title='bbox 838 2277 1117 2343; x_wconf 88' lang='lat' dir='ltr'>alteram</span> <span class='ocrx_word' id='word_1_145' title='bbox 1162 2296 1402 2360; x_wconf 89' lang='lat' dir='ltr'>earum,</span> <span class='ocrx_word' id='word_1_146' title='bbox 1465 2294 1631 2356; x_wconf 90' lang='lat' dir='ltr'>quae</span> <span class='ocrx_word' id='word_1_147' title='bbox 1674 2273 2038 2340; x_wconf 85' lang='lat' dir='ltr'>afferuntur</span> <span class='ocrx_word' id='word_1_148' title='bbox 2081 2291 2313 2339; x_wconf 86' lang='lat' dir='ltr'>causas</span> <span class='ocrx_word' id='word_1_149' title='bbox 2356 2290 2498 2338; x_wconf 90' lang='lat' dir='ltr'>esse</span> <span class='ocrx_word' id='word_1_150' title='bbox 2539 2291 2640 2336; x_wconf 91' lang='lat' dir='ltr'>re-</span> 
     </span>
     <span class='ocr_line' id='line_1_18' title="bbox 332 2382 2637 2471; baseline -0.002 -22"><span class='ocrx_word' id='word_1_151' title='bbox 332 2383 663 2450; x_wconf 87' lang='lat' dir='ltr'>ferendam</span> <span class='ocrx_word' id='word_1_152' title='bbox 688 2384 787 2451; x_wconf 92' lang='lat' dir='ltr'>illi</span> <span class='ocrx_word' id='word_1_153' title='bbox 817 2384 1244 2468; x_wconf 88' lang='lat' dir='ltr'>arbitrantur,</span> <span class='ocrx_word' id='word_1_154' title='bbox 1291 2404 1433 2451; x_wconf 89' lang='lat' dir='ltr'>cum</span> <span class='ocrx_word' id='word_1_155' title='bbox 1470 2383 1584 2471; x_wconf 85' lang='lat' dir='ltr'>(cf.</span> <span class='ocrx_word' id='word_1_156' title='bbox 1628 2401 1735 2450; x_wconf 86' lang='lat' dir='ltr'>vv.</span> <span class='ocrx_word' id='word_1_157' title='bbox 1777 2385 1859 2447; x_wconf 87' lang='lat'>47</span> <span class='ocrx_word' id='word_1_158' title='bbox 1906 2386 1976 2446; x_wconf 88' lang='lat' dir='ltr'>et</span> <span class='ocrx_word' id='word_1_159' title='bbox 2003 2382 2122 2467; x_wconf 87' lang='lat'>48)</span> <span class='ocrx_word' id='word_1_160' title='bbox 2162 2399 2236 2446; x_wconf 87' lang='lat' dir='ltr'>re</span> <span class='ocrx_word' id='word_1_161' title='bbox 2271 2399 2427 2448; x_wconf 86' lang='lat' dir='ltr'>vera</span> <span class='ocrx_word' id='word_1_162' title='bbox 2452 2399 2637 2463; x_wconf 91' lang='lat' dir='ltr'>prop-</span> 
     </span>
     <span class='ocr_line' id='line_1_19' title="bbox 330 2481 2638 2574; baseline -0.001 -18"><span class='ocrx_word' id='word_1_163' title='bbox 330 2496 515 2558; x_wconf 88' lang='lat' dir='ltr'>terea</span> <span class='ocrx_word' id='word_1_164' title='bbox 573 2481 763 2558; x_wconf 77' lang='lat' dir='ltr'>deus‘</span> <span class='ocrx_word' id='word_1_165' title='bbox 791 2492 1262 2574; x_wconf 82' lang='lat' dir='ltr'>„Vertumnus“</span> <span class='ocrx_word' id='word_1_166' title='bbox 1322 2493 1411 2558; x_wconf 89' lang='lat' dir='ltr'>sit</span> <span class='ocrx_word' id='word_1_167' title='bbox 1464 2492 1853 2574; x_wconf 83' lang='lat' dir='ltr'>appellatuS,</span> <span class='ocrx_word' id='word_1_168' title='bbox 1913 2490 2065 2570; x_wconf 89' lang='lat' dir='ltr'>quia</span> <span class='ocrx_word' id='word_1_169' title='bbox 2105 2488 2173 2554; x_wconf 93' lang='lat' dir='ltr'>in</span> <span class='ocrx_word' id='word_1_170' title='bbox 2224 2494 2518 2572; x_wconf 85' lang='lat' dir='ltr'>„omnes“</span> <span class='ocrx_word' id='word_1_171' title='bbox 2568 2507 2638 2553; x_wconf 90' lang='lat' dir='ltr'>se</span> 
     </span>
     <span class='ocr_line' id='line_1_20' title="bbox 326 2597 2638 2684; baseline -0.002 -18"><span class='ocrx_word' id='word_1_172' title='bbox 326 2600 532 2682; x_wconf 87' lang='lat' dir='ltr'>possit</span> <span class='ocrx_word' id='word_1_173' title='bbox 575 2604 835 2667; x_wconf 87' lang='lat' dir='ltr'>vertere</span> <span class='ocrx_word' id='word_1_174' title='bbox 877 2600 1135 2684; x_wconf 84' lang='lat' dir='ltr'>formas,</span> <span class='ocrx_word' id='word_1_175' title='bbox 1181 2620 1453 2682; x_wconf 88' lang='lat' dir='ltr'>quarum</span> <span class='ocrx_word' id='word_1_176' title='bbox 1496 2600 1898 2666; x_wconf 88' lang='lat' dir='ltr'>notissimam</span> <span class='ocrx_word' id='word_1_177' title='bbox 1935 2603 2134 2679; x_wconf 88' lang='lat' dir='ltr'>atque</span> <span class='ocrx_word' id='word_1_178' title='bbox 2177 2597 2638 2663; x_wconf 85' lang='lat' dir='ltr'>nobilissimam</span> 
     </span>
     <span class='ocr_line' id='line_1_21' title="bbox 327 2707 2638 2793; baseline -0.001 -19"><span class='ocrx_word' id='word_1_179' title='bbox 327 2708 471 2774; x_wconf 85' lang='lat' dir='ltr'>e&#39;sse</span> <span class='ocrx_word' id='word_1_180' title='bbox 528 2708 633 2774; x_wconf 90' lang='lat' dir='ltr'>dei</span> <span class='ocrx_word' id='word_1_181' title='bbox 692 2711 1023 2776; x_wconf 89' lang='lat' dir='ltr'>hortorum</span> <span class='ocrx_word' id='word_1_182' title='bbox 1079 2709 1567 2792; x_wconf 88' lang='lat' dir='ltr'>praeteritionis</span> <span class='ocrx_word' id='word_1_183' title='bbox 1624 2709 1862 2793; x_wconf 86' lang='lat' dir='ltr'>figura:</span> <span class='ocrx_word' id='word_1_184' title='bbox 1931 2726 2118 2790; x_wconf 91' lang='lat' dir='ltr'>„nam</span> <span class='ocrx_word' id='word_1_185' title='bbox 2163 2707 2316 2787; x_wconf 90' lang='lat' dir='ltr'>quid</span> <span class='ocrx_word' id='word_1_186' title='bbox 2362 2725 2482 2788; x_wconf 85' lang='lat' dir='ltr'>ego</span> <span class='ocrx_word' id='word_1_187' title='bbox 2526 2707 2638 2771; x_wconf 91' lang='lat' dir='ltr'>ad-</span> 
     </span>
     <span class='ocr_line' id='line_1_22' title="bbox 321 2809 2635 2901; baseline -0.001 -20"><span class='ocrx_word' id='word_1_188' title='bbox 321 2816 581 2900; x_wconf 84' lang='lat' dir='ltr'>jiciam“</span> <span class='ocrx_word' id='word_1_189' title='bbox 616 2815 779 2881; x_wconf 88' lang='lat' dir='ltr'>satis</span> <span class='ocrx_word' id='word_1_190' title='bbox 808 2821 1037 2898; x_wconf 89' lang='lat' dir='ltr'>aperte</span> <span class='ocrx_word' id='word_1_191' title='bbox 1067 2809 1493 2901; x_wconf 79' lang='lat' dir='ltr'>significatur.</span> <span class='ocrx_word' id='word_1_192' title='bbox 1572 2816 1856 2897; x_wconf 84' lang='lat' dir='ltr'>„Fama“</span> <span class='ocrx_word' id='word_1_193' title='bbox 1899 2814 2120 2897; x_wconf 89' lang='lat' dir='ltr'>igitur,</span> <span class='ocrx_word' id='word_1_194' title='bbox 2165 2832 2307 2878; x_wconf 91' lang='lat' dir='ltr'>cum</span> <span class='ocrx_word' id='word_1_195' title='bbox 2347 2814 2416 2878; x_wconf 93' lang='lat' dir='ltr'>in</span> <span class='ocrx_word' id='word_1_196' title='bbox 2461 2831 2524 2879; x_wconf 87' lang='lat' dir='ltr'>v.</span> <span class='ocrx_word' id='word_1_197' title='bbox 2557 2818 2635 2879; x_wconf 89' lang='lat'>19</span> 
     </span>
     <span class='ocr_line' id='line_1_23' title="bbox 334 2920 2638 3007; baseline -0.001 -17"><span class='ocrx_word' id='word_1_198' title='bbox 334 2923 583 3007; x_wconf 88' lang='lat' dir='ltr'>„falsae</span> <span class='ocrx_word' id='word_1_199' title='bbox 643 2924 965 2990; x_wconf 89' lang='lat' dir='ltr'>hominum</span> <span class='ocrx_word' id='word_1_200' title='bbox 1024 2924 1393 3006; x_wconf 86' lang='lat' dir='ltr'>opiniones“</span> <span class='ocrx_word' id='word_1_201' title='bbox 1456 2924 1545 2990; x_wconf 89' lang='lat' dir='ltr'>sit</span> <span class='ocrx_word' id='word_1_202' title='bbox 1601 2924 2048 3006; x_wconf 84' lang='lat' dir='ltr'>intelligenda,</span> <span class='ocrx_word' id='word_1_203' title='bbox 2107 2925 2175 2988; x_wconf 94' lang='lat' dir='ltr'>in</span> <span class='ocrx_word' id='word_1_204' title='bbox 2231 2942 2292 2988; x_wconf 90' lang='lat' dir='ltr'>v.</span> <span class='ocrx_word' id='word_1_205' title='bbox 2338 2927 2421 2988; x_wconf 89' lang='lat'>41</span> <span class='ocrx_word' id='word_1_206' title='bbox 2468 2920 2638 2988; x_wconf 87' lang='lat' dir='ltr'>idem</span> 
     </span>
     <span class='ocr_line' id='line_1_24' title="bbox 327 3031 2637 3116; baseline -0.001 -16"><span class='ocrx_word' id='word_1_207' title='bbox 327 3033 510 3100; x_wconf 84' lang='lat' dir='ltr'>valet</span> <span class='ocrx_word' id='word_1_208' title='bbox 566 3051 645 3098; x_wconf 87' lang='lat' dir='ltr'>ac</span> <span class='ocrx_word' id='word_1_209' title='bbox 707 3033 972 3116; x_wconf 88' lang='lat' dir='ltr'>„gloria,</span> <span class='ocrx_word' id='word_1_210' title='bbox 1034 3033 1373 3116; x_wconf 79' lang='lat' dir='ltr'>claritudO,</span> <span class='ocrx_word' id='word_1_211' title='bbox 1423 3032 1751 3098; x_wconf 81' lang='lat' dir='ltr'>claritaS.“</span> <span class='ocrx_word' id='word_1_212' title='bbox 1847 3031 2095 3114; x_wconf 79' lang='lat' dir='ltr'>Quibus</span> <span class='ocrx_word' id='word_1_213' title='bbox 2142 3031 2452 3113; x_wconf 84' lang='lat' dir='ltr'>expositis</span> <span class='ocrx_word' id='word_1_214' title='bbox 2493 3051 2637 3098; x_wconf 90' lang='lat' dir='ltr'>cum</span> 
     </span>
     <span class='ocr_line' id='line_1_25' title="bbox 328 3139 2636 3209; baseline -0.001 -1"><span class='ocrx_word' id='word_1_215' title='bbox 328 3142 839 3208; x_wconf 85' lang='lat' dir='ltr'>demonstratum</span> <span class='ocrx_word' id='word_1_216' title='bbox 884 3141 973 3207; x_wconf 89' lang='lat' dir='ltr'>sit</span> <span class='ocrx_word' id='word_1_217' title='bbox 1011 3141 1141 3208; x_wconf 91' lang='lat' dir='ltr'>alio</span> <span class='ocrx_word' id='word_1_218' title='bbox 1181 3141 1322 3207; x_wconf 92' lang='lat' dir='ltr'>loco</span> <span class='ocrx_word' id='word_1_219' title='bbox 1364 3141 1493 3209; x_wconf 89' lang='lat' dir='ltr'>alio</span> <span class='ocrx_word' id='word_1_220' title='bbox 1539 3141 1804 3207; x_wconf 87' lang='lat' dir='ltr'>consilio</span> <span class='ocrx_word' id='word_1_221' title='bbox 1849 3141 1955 3206; x_wconf 91' lang='lat' dir='ltr'>dei</span> <span class='ocrx_word' id='word_1_222' title='bbox 1991 3139 2316 3206; x_wconf 82' lang='lat' dir='ltr'>fructuum</span> <span class='ocrx_word' id='word_1_223' title='bbox 2359 3142 2636 3207; x_wconf 89' lang='lat' dir='ltr'>tutelam</span> 
     </span>
     <span class='ocr_line' id='line_1_26' title="bbox 328 3250 2635 3333; baseline -0 -17"><span class='ocrx_word' id='word_1_224' title='bbox 328 3250 828 3332; x_wconf 87' lang='lat' dir='ltr'>commemorari,</span> <span class='ocrx_word' id='word_1_225' title='bbox 886 3250 1177 3330; x_wconf 82' lang='lat' dir='ltr'>sequitur</span> <span class='ocrx_word' id='word_1_226' title='bbox 1222 3251 1489 3333; x_wconf 90' lang='lat' dir='ltr'>primum</span> <span class='ocrx_word' id='word_1_227' title='bbox 1532 3269 1639 3316; x_wconf 87' lang='lat' dir='ltr'>vv.</span> <span class='ocrx_word' id='word_1_228' title='bbox 1687 3255 1765 3314; x_wconf 89' lang='lat'>41</span> <span class='ocrx_word' id='word_1_229' title='bbox 1815 3268 1950 3330; x_wconf 89' lang='lat' dir='ltr'>sqq.</span> <span class='ocrx_word' id='word_1_230' title='bbox 1994 3254 2142 3331; x_wconf 87' lang='lat' dir='ltr'>post</span> <span class='ocrx_word' id='word_1_231' title='bbox 2185 3267 2247 3315; x_wconf 89' lang='lat' dir='ltr'>v.</span> <span class='ocrx_word' id='word_1_232' title='bbox 2301 3255 2376 3316; x_wconf 80' lang='lat'>12</span> <span class='ocrx_word' id='word_1_233' title='bbox 2423 3253 2635 3315; x_wconf 90' lang='lat' dir='ltr'>trans-</span> 
     </span>
     <span class='ocr_line' id='line_1_27' title="bbox 326 3357 2640 3441; baseline 0 -16"><span class='ocrx_word' id='word_1_234' title='bbox 326 3359 478 3441; x_wconf 89' lang='lat' dir='ltr'>poni</span> <span class='ocrx_word' id='word_1_235' title='bbox 532 3376 660 3425; x_wconf 91' lang='lat' dir='ltr'>non</span> <span class='ocrx_word' id='word_1_236' title='bbox 710 3374 918 3440; x_wconf 89' lang='lat' dir='ltr'>posse,</span> <span class='ocrx_word' id='word_1_237' title='bbox 979 3358 1210 3424; x_wconf 89' lang='lat' dir='ltr'>deinde</span> <span class='ocrx_word' id='word_1_238' title='bbox 1266 3359 1564 3438; x_wconf 87' lang='lat' dir='ltr'>quoniam</span> <span class='ocrx_word' id='word_1_239' title='bbox 1621 3358 1918 3440; x_wconf 88' lang='lat' dir='ltr'>omnium,</span> <span class='ocrx_word' id='word_1_240' title='bbox 1979 3357 2210 3437; x_wconf 88' lang='lat' dir='ltr'>quibus</span> <span class='ocrx_word' id='word_1_241' title='bbox 2268 3357 2366 3423; x_wconf 89' lang='lat' dir='ltr'>uti</span> <span class='ocrx_word' id='word_1_242' title='bbox 2417 3363 2640 3440; x_wconf 89' lang='lat' dir='ltr'>potest</span> 
     </span>
     <span class='ocr_line' id='line_1_28' title="bbox 328 3464 2638 3549; baseline 0.001 -19"><span class='ocrx_word' id='word_1_243' title='bbox 328 3467 551 3533; x_wconf 85' lang='lat' dir='ltr'>formis</span> <span class='ocrx_word' id='word_1_244' title='bbox 592 3467 768 3549; x_wconf 78' lang='lat' dir='ltr'>deuS,</span> <span class='ocrx_word' id='word_1_245' title='bbox 822 3465 1133 3532; x_wconf 84' lang='lat' dir='ltr'>exhibent</span> <span class='ocrx_word' id='word_1_246' title='bbox 1170 3466 1595 3548; x_wconf 86' lang='lat' dir='ltr'>notissimam,</span> <span class='ocrx_word' id='word_1_247' title='bbox 1648 3485 1731 3531; x_wconf 89' lang='lat' dir='ltr'>ne</span> <span class='ocrx_word' id='word_1_248' title='bbox 1792 3464 2007 3531; x_wconf 88' lang='lat' dir='ltr'>omitti</span> <span class='ocrx_word' id='word_1_249' title='bbox 2051 3464 2308 3545; x_wconf 89' lang='lat' dir='ltr'>quidem</span> <span class='ocrx_word' id='word_1_250' title='bbox 2349 3467 2638 3548; x_wconf 87' lang='lat' dir='ltr'>potuisse</span> 
     </span>
     <span class='ocr_line' id='line_1_29' title="bbox 330 3574 2634 3658; baseline 0.001 -19"><span class='ocrx_word' id='word_1_251' title='bbox 330 3592 371 3639; x_wconf 91' lang='lat' dir='ltr'>a</span> <span class='ocrx_word' id='word_1_252' title='bbox 413 3578 609 3655; x_wconf 77' lang='lat' dir='ltr'>poeta</span> <span class='ocrx_word' id='word_1_253' title='bbox 652 3575 865 3640; x_wconf 89' lang='lat' dir='ltr'>media</span> <span class='ocrx_word' id='word_1_254' title='bbox 907 3575 1033 3640; x_wconf 89' lang='lat' dir='ltr'>hac</span> <span class='ocrx_word' id='word_1_255' title='bbox 1089 3575 1157 3640; x_wconf 90' lang='lat' dir='ltr'>in</span> <span class='ocrx_word' id='word_1_256' title='bbox 1204 3574 1507 3641; x_wconf 88' lang='lat' dir='ltr'>carminis</span> <span class='ocrx_word' id='word_1_257' title='bbox 1548 3579 1761 3658; x_wconf 90' lang='lat' dir='ltr'>parte,</span> <span class='ocrx_word' id='word_1_258' title='bbox 1818 3574 2096 3655; x_wconf 85' lang='lat' dir='ltr'>denique</span> <span class='ocrx_word' id='word_1_259' title='bbox 2133 3574 2453 3657; x_wconf 88' lang='lat' dir='ltr'>prioribus</span> <span class='ocrx_word' id='word_1_260' title='bbox 2493 3594 2634 3642; x_wconf 87' lang='lat' dir='ltr'>ver-</span> 
     </span>
     <span class='ocr_line' id='line_1_30' title="bbox 328 3680 2636 3768; baseline 0.001 -20"><span class='ocrx_word' id='word_1_261' title='bbox 328 3680 507 3748; x_wconf 88' lang='lat' dir='ltr'>sibus</span> <span class='ocrx_word' id='word_1_262' title='bbox 540 3682 1025 3762; x_wconf 85' lang='lat' dir='ltr'>praeteritionis</span> <span class='ocrx_word' id='word_1_263' title='bbox 1051 3683 1326 3752; x_wconf 83' lang='lat' dir='ltr'>formula</span> <span class='ocrx_word' id='word_1_264' title='bbox 1358 3685 1694 3767; x_wconf 87' lang='lat' dir='ltr'>aptissime</span> <span class='ocrx_word' id='word_1_265' title='bbox 1725 3703 1870 3750; x_wconf 87' lang='lat' dir='ltr'>esse</span> <span class='ocrx_word' id='word_1_266' title='bbox 1903 3684 2211 3768; x_wconf 88' lang='lat' dir='ltr'>adjectos.</span> <span class='ocrx_word' id='word_1_267' title='bbox 2275 3683 2458 3768; x_wconf 78' lang='lat' dir='ltr'>Quae</span> <span class='ocrx_word' id='word_1_268' title='bbox 2493 3703 2636 3750; x_wconf 90' lang='lat' dir='ltr'>cum</span> 
     </span>
     <span class='ocr_line' id='line_1_31' title="bbox 326 3789 2634 3875; baseline 0.001 -19"><span class='ocrx_word' id='word_1_269' title='bbox 326 3790 425 3857; x_wconf 90' lang='lat' dir='ltr'>ita</span> <span class='ocrx_word' id='word_1_270' title='bbox 466 3789 601 3857; x_wconf 87' lang='lat' dir='ltr'>sint</span> <span class='ocrx_word' id='word_1_271' title='bbox 642 3789 921 3856; x_wconf 86' lang='lat' dir='ltr'>medium</span> <span class='ocrx_word' id='word_1_272' title='bbox 962 3808 1223 3858; x_wconf 85' lang='lat' dir='ltr'>carmen</span> <span class='ocrx_word' id='word_1_273' title='bbox 1280 3810 1410 3858; x_wconf 92' lang='lat' dir='ltr'>non</span> <span class='ocrx_word' id='word_1_274' title='bbox 1460 3794 1666 3860; x_wconf 91' lang='lat' dir='ltr'>solum</span> <span class='ocrx_word' id='word_1_275' title='bbox 1711 3794 1767 3858; x_wconf 87' lang='lat' dir='ltr'>si</span> <span class='ocrx_word' id='word_1_276' title='bbox 1810 3798 2018 3859; x_wconf 87' lang='lat' dir='ltr'>totum</span> <span class='ocrx_word' id='word_1_277' title='bbox 2070 3797 2458 3875; x_wconf 86' lang='lat' dir='ltr'>spectamus,</span> <span class='ocrx_word' id='word_1_278' title='bbox 2519 3795 2634 3858; x_wconf 92' lang='lat' dir='ltr'>sed</span> 
     </span>
     <span class='ocr_line' id='line_1_32' title="bbox 329 3895 2635 3983; baseline 0.001 -19"><span class='ocrx_word' id='word_1_279' title='bbox 329 3899 527 3964; x_wconf 86' lang='lat' dir='ltr'>etiam</span> <span class='ocrx_word' id='word_1_280' title='bbox 570 3917 613 3964; x_wconf 85' lang='lat' dir='ltr'>a</span> <span class='ocrx_word' id='word_1_281' title='bbox 648 3895 922 3982; x_wconf 74' lang='lat' dir='ltr'>singulis</span> <span class='ocrx_word' id='word_1_282' title='bbox 954 3899 1250 3981; x_wconf 84' lang='lat' dir='ltr'>partibus</span> <span class='ocrx_word' id='word_1_283' title='bbox 1291 3902 1487 3983; x_wconf 90' lang='lat' dir='ltr'>plane</span> <span class='ocrx_word' id='word_1_284' title='bbox 1514 3920 1659 3967; x_wconf 89' lang='lat' dir='ltr'>esse</span> <span class='ocrx_word' id='word_1_285' title='bbox 1694 3902 2061 3967; x_wconf 88' lang='lat' dir='ltr'>absolutum</span> <span class='ocrx_word' id='word_1_286' title='bbox 2102 3905 2301 3980; x_wconf 88' lang='lat' dir='ltr'>atque</span> <span class='ocrx_word' id='word_1_287' title='bbox 2345 3901 2635 3966; x_wconf 89' lang='lat' dir='ltr'>elabora-</span> 
     </span>
     <span class='ocr_line' id='line_1_33' title="bbox 328 4002 2631 4092; baseline 0.002 -22"><span class='ocrx_word' id='word_1_288' title='bbox 328 4009 487 4087; x_wconf 90' lang='lat' dir='ltr'>tum,</span> <span class='ocrx_word' id='word_1_289' title='bbox 526 4004 679 4086; x_wconf 85' lang='lat' dir='ltr'>quin</span> <span class='ocrx_word' id='word_1_290' title='bbox 710 4002 911 4072; x_wconf 81' lang='lat' dir='ltr'>etiam</span> <span class='ocrx_word' id='word_1_291' title='bbox 940 4022 1186 4074; x_wconf 70' lang='lat' dir='ltr'>summa</span> <span class='ocrx_word' id='word_1_292' title='bbox 1208 4013 1357 4075; x_wconf 90' lang='lat' dir='ltr'>arte</span> <span class='ocrx_word' id='word_1_293' title='bbox 1386 4009 1806 4092; x_wconf 90' lang='lat' dir='ltr'>compositum</span> <span class='ocrx_word' id='word_1_294' title='bbox 1843 4007 2277 4088; x_wconf 89' lang='lat' dir='ltr'>unusquisque</span> <span class='ocrx_word' id='word_1_295' title='bbox 2299 4009 2631 4074; x_wconf 83' lang='lat' dir='ltr'>concedet.</span> 
     </span>
    </p>
   </div>
   <div class='ocr_carea' id='block_1_5' title="bbox 322 4217 2632 4722">
    <p class='ocr_par' dir='ltr' id='par_1_5' title="bbox 322 4217 2632 4632">
     <span class='ocr_line' id='line_1_34' title="bbox 530 4217 2632 4308; baseline 0 -22"><span class='ocrx_word' id='word_1_296' title='bbox 530 4217 769 4287; x_wconf 77' lang='lat' dir='ltr'>Restat</span> <span class='ocrx_word' id='word_1_297' title='bbox 806 4223 883 4288; x_wconf 78' lang='lat' dir='ltr'>ut</span> <span class='ocrx_word' id='word_1_298' title='bbox 904 4223 1262 4290; x_wconf 79' lang='lat' dir='ltr'>extremam</span> <span class='ocrx_word' id='word_1_299' title='bbox 1284 4222 1588 4289; x_wconf 88' lang='lat' dir='ltr'>carminis</span> <span class='ocrx_word' id='word_1_300' title='bbox 1621 4227 1896 4304; x_wconf 91' lang='lat' dir='ltr'>partem,</span> <span class='ocrx_word' id='word_1_301' title='bbox 1937 4224 2120 4308; x_wconf 87' lang='lat' dir='ltr'>cujus</span> <span class='ocrx_word' id='word_1_302' title='bbox 2154 4222 2632 4289; x_wconf 84' lang='lat' dir='ltr'>sententiarum</span> 
     </span>
     <span class='ocr_line' id='line_1_35' title="bbox 325 4329 2631 4414; baseline 0.001 -21"><span class='ocrx_word' id='word_1_303' title='bbox 325 4345 561 4394; x_wconf 86' lang='lat' dir='ltr'>nexum</span> <span class='ocrx_word' id='word_1_304' title='bbox 602 4329 753 4412; x_wconf 75' lang='lat' dir='ltr'>post</span> <span class='ocrx_word' id='word_1_305' title='bbox 796 4345 861 4400; x_wconf 86' lang='lat' dir='ltr'>v.</span> <span class='ocrx_word' id='word_1_306' title='bbox 905 4333 987 4398; x_wconf 80' lang='lat' dir='ltr'>5ss</span> <span class='ocrx_word' id='word_1_307' title='bbox 1032 4349 1176 4398; x_wconf 87' lang='lat' dir='ltr'>esse</span> <span class='ocrx_word' id='word_1_308' title='bbox 1231 4332 1667 4414; x_wconf 87' lang='lat' dir='ltr'>interruptum</span> <span class='ocrx_word' id='word_1_309' title='bbox 1723 4349 1837 4397; x_wconf 92' lang='lat' dir='ltr'>suo</span> <span class='ocrx_word' id='word_1_310' title='bbox 1872 4331 2056 4414; x_wconf 83' lang='lat' dir='ltr'>signo</span> <span class='ocrx_word' id='word_1_311' title='bbox 2097 4332 2480 4397; x_wconf 86' lang='lat' dir='ltr'>Lachmann</span> <span class='ocrx_word' id='word_1_312' title='bbox 2537 4332 2631 4396; x_wconf 91' lang='lat' dir='ltr'>in-</span> 
     </span>
     <span class='ocr_line' id='line_1_36' title="bbox 326 4433 2629 4522; baseline 0.002 -21"><span class='ocrx_word' id='word_1_313' title='bbox 326 4433 595 4518; x_wconf 81' lang='lat' dir='ltr'>dicavit,</span> <span class='ocrx_word' id='word_1_314' title='bbox 636 4433 863 4504; x_wconf 76' lang='lat' dir='ltr'>eadem</span> <span class='ocrx_word' id='word_1_315' title='bbox 905 4455 986 4505; x_wconf 84' lang='lat' dir='ltr'>ac</span> <span class='ocrx_word' id='word_1_316' title='bbox 1026 4437 1273 4521; x_wconf 82' lang='lat' dir='ltr'>priores</span> <span class='ocrx_word' id='word_1_317' title='bbox 1301 4445 1447 4507; x_wconf 88' lang='lat' dir='ltr'>arte</span> <span class='ocrx_word' id='word_1_318' title='bbox 1482 4458 1626 4506; x_wconf 89' lang='lat' dir='ltr'>esse</span> <span class='ocrx_word' id='word_1_319' title='bbox 1652 4439 2069 4522; x_wconf 88' lang='lat' dir='ltr'>compositam</span> <span class='ocrx_word' id='word_1_320' title='bbox 2102 4441 2629 4507; x_wconf 77' lang='lat' dir='ltr'>demonstremus</span> 
     </span>
     <span class='ocr_line' id='line_1_37' title="bbox 322 4544 2624 4632; baseline 0.002 -22"><span class='ocrx_word' id='word_1_321' title='bbox 322 4544 475 4612; x_wconf 81' lang='lat' dir='ltr'>Jam</span> <span class='ocrx_word' id='word_1_322' title='bbox 518 4547 843 4613; x_wconf 66' lang='lat' dir='ltr'>extremos</span> <span class='ocrx_word' id='word_1_323' title='bbox 882 4545 997 4614; x_wconf 78' lang='lat' dir='ltr'>hos</span> <span class='ocrx_word' id='word_1_324' title='bbox 1035 4548 1285 4632; x_wconf 87' lang='lat' dir='ltr'>elegiae</span> <span class='ocrx_word' id='word_1_325' title='bbox 1330 4567 1432 4616; x_wconf 85' lang='lat' dir='ltr'>vv.</span> <span class='ocrx_word' id='word_1_326' title='bbox 1466 4553 1724 4616; x_wconf 84' lang='lat'>49—64</span> <span class='ocrx_word' id='word_1_327' title='bbox 1756 4547 2074 4615; x_wconf 87' lang='lat' dir='ltr'>contineri</span> <span class='ocrx_word' id='word_1_328' title='bbox 2104 4549 2354 4615; x_wconf 88' lang='lat' dir='ltr'>duabus</span> <span class='ocrx_word' id='word_1_329' title='bbox 2397 4570 2438 4613; x_wconf 89' lang='lat' dir='ltr'>a</span> <span class='ocrx_word' id='word_1_330' title='bbox 2483 4568 2624 4617; x_wconf 85' lang='lat' dir='ltr'>ver-</span> 
     </span>
    </p>

    <p class='ocr_par' dir='ltr' id='par_1_6' title="bbox 2291 4671 2322 4722">
     <span class='ocr_line' id='line_1_38' title="bbox 2291 4671 2322 4722; baseline 0 0"><span class='ocrx_word' id='word_1_331' title='bbox 2291 4671 2322 4722; x_wconf 88' lang='lat'>5</span> 
     </span>
    </p>
   </div>
  </div>
 </body>
</html>
