3142 4984
1262 433 1687 521 ..57-

326 618 470 665 cum
508 601 628 665 hoc
675 606 808 666 tam
836 600 1058 680 inepte
1103 601 1685 683 conglutinaretur,
1734 600 1926 665 facile
1966 600 2325 682 intelligeS,
2362 599 2419 664 si
2464 599 2635 664 hunc

323 708 557 772 librum
578 726 619 772 a
639 711 834 788 poeta
857 725 978 772 nec
1018 707 1378 788 perfectum
1403 727 1613 789 neque
1636 708 1882 774 editum
1929 726 2072 774 esse
2098 705 2631 773 consideraveris,

309 816 424 880 Ab
465 815 604 896 ipso
650 815 817 880 enim
862 819 1059 896 poeta
1102 814 1335 881 librum
1378 814 1439 881 V
1483 834 1613 881 11011
1654 834 1797 882 esse
1834 815 2078 882 editum
2119 818 2188 880 et
2224 813 2375 878 inde
2412 811 2633 895 colligi

319 927 558 1004 potest,
608 923 775 1002 quod
818 927 955 987 tam
999 923 1323 989 variorum
1353 927 1879 1006 argumentorum
1919 922 2208 988 carmina
2244 960 2325 972 -
2368 937 2633 1000 quorum

319 1031 630 1098 nonnulla
677 1032 758 1096 de
803 1030 1016 1096 causis
1063 1049 1258 1112 supra
1303 1031 1527 1097 allatis
1569 1050 1715 1097 cum
1734 1035 2015 1114 priorum
2056 1031 2363 1096 librorum
2405 1027 2633 1111 elegiis

323 1139 403 1204 de
445 1138 768 1204 industria
810 1138 894 1204 ab
939 1138 1052 1204 illo
1097 1138 1175 1204 in-
1205 1138 1412 1205 lucem
1458 1158 1587 1204 non
1631 1157 1773 1205 esse
1815 1139 2074 1220 prolata
2118 1137 2226 1223 (V,
2270 1143 2328 1202 5.
2367 1138 2453 1223 8.)
2496 1153 2631 1201 cer-

321 1253 458 1313 tum
505 1250 608 1312 est
651 1285 730 1296 -
775 1247 868 1314 sic
895 1247 1069 1312 inter
1101 1265 1170 1312 se
1212 1253 1366 1312 sunt
1395 1247 1605 1313 mixta
1628 1251 1697 1312 et
1726 1247 2011 1324 confusa,
2058 1250 2127 1312 et
2161 1245 2312 1311 inde
2332 1247 2629 1326 apparet,

321 1355 490 1434 quod
518 1373 661 1420 cum
704 1354 1024 1436 prioribus
1047 1354 1232 1436 libris
1257 1373 1335 1420 ea
1381 1349 1688 1438 carmina,
1738 1355 1967 1436 quibus
2000 1372 2165 1435 quae
2210 1355 2634 1433 sequerentur

323 1463 575 1545 elegiae
618 1462 1054 1545 indicaretur,
1113 1463 1247 1528 sint
1295 1465 1710 1547 praemissae,
1757 1463 1861 1528 hic
1914 1463 2080 1527 liber
2135 1461 2259 1526 tali
2313 1458 2632 1542 prooemio

321 1575 524 1636 caret.
613 1571 878 1636 Amicus
928 1570 1132 1654 igitur
1189 1572 1296 1638 vel
1358 1571 1647 1652 quisquis
1704 1577 1851 1637 erat
1908 1569 2209 1636 carmina·
2252 1569 2335 1634 ab
2394 1567 2507 1633 illo
2564 1566 2632 1632 in

320 1679 576 1744 scriniis
613 1679 848 1745 relicta
893 1679 1187 1745 editurus
1229 1699 1372 1746 cum
1417 1681 1749 1747 consilium
1787 1681 1866 1763 V,
1919 1687 2017 1765 1,1
2036 1686 2214 1746 —70
2258 1679 2632 1762 pronuntia-

321 1792 460 1853 tum
506 1788 592 1853 ad
643 1787 837 1853 finem
897 1788 1280 1871 perductum
1335 1808 1465 1867 11011
1521 1809 1664 1856 esse
1722 1790 2329 1871 animadvertisset,
2392 1807 2495 1855 vv.
2549 1786 2627 1870 V,

325 1901 468 1976 1,71
489 1935 569 1944 —
601 1901 738 1978 150,
789 1896 1023 1978 quippe
1053 1883 1282 1976 quibus
1312 1897 1499 1962 huius
1542 1897 1639 1963 rei
1660 1916 1921 1963 causam
1946 1899 2329 1979 explanasse
2372 1900 2631 1978 poetam

321 2003 718 2086 opinaretur,
763 2021 907 2069 cum
951 2023 1006 2070 c.
1053 2003 1132 2086 V,
1190 2010 1490 2085 1,1-'70
1539 2004 1703 2071 satis
1743 2005 1977 2072 inscite
2022 2004 2393 2086 composuit.

501 2113 626 2177 —Ex
664 2112 766 2178 his
808 2116 1046 2194 autem,
1095 2131 1259 2192 quae
1305 2113 1384 2179 de
1428 2132 1532 2180 vv.
1585 2113 1663 2194 V,
1708 2118 1805 2195 1,7
1817 2120 2091 2179 1--150
2137 2116 2528 2196 argumento
2562 2114 2633 2176 et

323 2219 588 2285 consilio
634 2220 892 2302 protuli,
943 2221 1244 2300 quoniam
1289 2222 1408 2286 hoc
1455 2239 1717 2286 carmen
1737 2226 2097 2302 temporum
2138 2219 2397 2302 rationi,
2444 2238 2633 2300 quam

324 2332 394 2393 et
415 2328 895 2412 Eschenburgii
921 2331 1308 2412 argumenta
1346 2334 1415 2394 et
1445 2333 1671 2394 nostra
1695 2330 1761 2395 111
1783 2329 1887 2394 611.
1916 2329 1995 2411 V,
2046 2335 2101 2394 1.
2150 2335 2210 2394 2.
2240 2333 2299 2394 4.
2348 2334 2405 2395 6.
2452 2336 2509 2394 9.
2555 2333 2635 2393 10

321 2435 556 2501 cadere
613 2435 877 2518 docent,
951 2454 1078 2502 non
1126 2437 1388 2502 obstare
1448 2438 1695 2519 elucet,
1760 2437 2080 2503 subducta
2130 2431 2341 2516 xatque
2402 2452 2633 2503 eversa

319 2548 472 2610 sunt
527 2563 744 2610 eorum
796 2544 1252 2626 fundamenta,
1326 2544 1434 2624 qui
1489 2546 1611 2610 hoc
1667 2545 2050 2627 potissinum
2106 2564 2366 2611 carmen
2424 2545 2633 2610 secuti

319 2650 425 2716 611.
472 2650 552 2732 V,
601 2657 654 2718 1.
701 2657 738 2718 2
783 2656 940 2718 cett.
983 2651 1192 2732 prima
1237 2652 1591 2735 juventute
1632 2670 1774 2718 esse
1820 2653 2207 2734 compositas
2248 2671 2367 2718 nec
2410 2656 2631 2718 tamen

319 2759 652 2840 perfectas
731 2764 998 2842 propter
1073 2759 1609 2825 exardescentem
1690 2779 1849 2843 erga
1920 2760 2270 2844 Cynthiam
2351 2741 2630 2830 amorem

319 2867 740 2934 contendunt.
833 2868 974 2950 Quo
1031 2868 1475 2933 demonstrato
1537 2886 1680 2933 cum
1740 2887 1905 2936 novo
1951 2888 2153 2950 eoque
2208 2869 2400 2953 gravi
2441 2888 2632 2951 argu-

317 2981 537 3042 mento
595 2981 886 3042 nostram
945 2978 1025 3044 de
1084 2976 1190 3042 611.
1245 2983 1296 3043 l.
1353 2983 1412 3044 2.
1459 2981 1518 3044 4.
1565 2982 1725 3048 cett.
1785 2997 2125 3044 causarum
2160 2983 2229 3044 et
2272 2983 2631 3060 temporum

317 3085 575 3151 ratione
635 3084 1031 3151 sententiam
1087 3103 1229 3151 esse
1291 3086 1773 3166 comprobatam
1832 3091 2183 3169 appareat,
2242 3087 2631 3153 confirmabo

324 3193 600 3275 denique
653 3193 834 3258 illam
874 3192 955 3258 iis
972 3243 987 3274 ,
1035 3211 1200 3273 quae
1245 3194 1326 3258 de
1372 3197 1652 3272 quatuor
1693 3193 2011 3274 prioribus
2052 3195 2407 3278 elegiarum
2449 3195 2633 3262 libris

328 3303 396 3369 111
439 3303 653 3367 altera
697 3302 884 3368 huius
920 3302 1398 3368 dissertationis
1439 3307 1632 3383 parte
1676 3303 2042 3369 observavi.

525 3409 619 3475 Ut
661 3410 1192 3494 Eschenburgius
1235 3409 1531 3492 exposita
1574 3409 1739 3474 artis
1775 3410 2085 3475 metricae
2127 3408 2383 3475 ratione
2400 3459 2417 3491 ,
2464 3427 2631 3488 quae

322 3511 674 3583 intercedit
709 3519 886 3583 inter
929 3518 1221 3602 singulos
1280 3517 1478 3583 libros
1520 3517 2013 3599 PropertianOS,
2074 3515 2225 3581 libri
2268 3515 2329 3580 V
2387 3516 2635 3599 elegias

322 3623 600 3690 omnium
672 3625 1247 3706 Propertianarum
1319 3643 1462 3690 esse
1543 3629 1873 3690 extremas
1946 3623 2443 3706 demonstravit,
2532 3623 2630 3690 ita

323 3733 677 3814 explanata
731 3738 1258 3815 argumentorum
1299 3732 1573 3815 ratione,
1630 3752 1794 3813 quae
1848 3731 2199 3797 intercedit
2257 3750 2399 3796 cum
2459 3731 2635 3798 inter

324 3845 462 3906 tres
501 3841 748 3921 priores
789 3842 990 3910 libros
1013 3845 1082 3906 et
1104 3840 1219 3924 IV,
1261 3846 1399 3906 tum
1433 3842 1610 3907 inter
1652 3845 1929 3922 quatuor
1968 3840 2213 3921 priores
2238 3848 2306 3906 et
2345 3840 2423 3923 V,
2465 3860 2629 3907 com-

318 3951 628 4030 probasse
667 3951 823 4015 mihi
867 3951 1127 4032 videor,
1186 3955 1344 4016 ante
1386 3945 1665 4030 quatuor
1708 3949 1990 4030 priorum
2033 3950 2339 4016 librorum
2384 3950 2631 4033 elegias

316 4057 467 4123 libri
528 4058 587 4123 V
644 4057 922 4139 scriptas
988 4076 1130 4122 esse
1183 4077 1308 4123 non
1362 4076 1569 4138 posse.
1660 4058 2007 4123 Rationem
2058 4057 2227 4122 enim
2285 4075 2426 4122 esse
2484 4075 2625 4122 eam

319 4165 602 4248 ostendi,
660 4169 736 4229 ut
777 4184 921 4230 cum
963 4165 1030 4230 in
1073 4164 1258 4230 libris
1301 4166 1558 4230 I—-III
1602 4166 1871 4248 vigente
1916 4183 2028 4230 suo
2072 4183 2231 4248 erga
2277 4164 2625 4246 Cynthiam

318 4293 537 4340 amore
579 4278 647 4339 et
687 4274 754 4338 in
786 4275 1044 4355 puellae
1079 4273 1280 4354 ipsius
1320 4275 1513 4339 laude
1553 4273 2011 4356 amplificanda
2043 4274 2211 4338 etin
2250 4291 2467 4338 amore
2510 4290 2624 4338 suo

317 4384 610 4450 canendo
640 4384 736 4448 ita
762 4387 1116 4465 occupatus
1135 4382 1222 4448 sit
1243 4387 1459 4464 poeta,
1485 4388 1560 4447 ut
1584 4382 1763 4448 aliud
1781 4381 1906 4446 nisi
1924 4381 2159 4448 amoris
2176 4385 2625 4464 argumentum

319 4497 612 4558 tractare
645 4491 898 4557 omnino
920 4511 1046 4556 non
1093 4491 1317 4573 possit,
1363 4491 1430 4557 in
1451 4490 1617 4556 libro
1637 4490 1753 4572 IV,
1791 4489 1975 4574 cujus
2018 4489 2269 4574 elegiae
2292 4494 2626 4556 extremae
