3142 4984
1229 465 1657 526 ...J-13—

288 637 654 702 arctissime
699 655 841 701 esse
889 637 1300 718 conjunct-am
1340 633 1775 713 unusquisque
1821 631 2151 712 concedet,
2197 628 2365 708 quod
2408 629 2605 708 poeta

286 745 494 810 amico
551 745 635 810 ad
689 745 1074 810 servandum
1130 744 1386 825 puellae
1446 760 1729 807 amorem
1787 759 1865 804 ea
1910 741 2027 805 dat
2086 736 2376 817 consilia,
2436 753 2602 814 quae

290 853 576 936 Cynthia
619 853 825 933 ipsum
869 853 1086 918 docuit
1131 852 1260 936 (vv.
1313 849 1618 935 15--30),
1666 847 1763 913 ita
1803 852 1877 911 ut
1909 850 2115 910 totum
2156 863 2415 909 carmen
2453 861 2603 922 quo-

290 961 623 1026 dammodo
664 961 895 1026 redeat
937 960 1023 1040 ad
1071 961 1391 1025 rationem
1422 957 1933 1036 describendam,
1978 973 2104 1035 qua
2145 953 2354 1018 utitur
2384 956 2605 1016 noster

287 1069 354 1134 in
399 1069 725 1153 Cynthiae
767 1088 984 1134 amore
1029 1069 1316 1134 colendo.
1380 1067 1484 1132 El.
1533 1084 1685 1132 vero
1737 1070 1836 1146 13,
1884 1064 2181 1144 quoniam
2220 1061 2457 1127 effecta
2502 1064 2604 1123 est

289 1177 729 1259 cavillatione,
780 1197 906 1257 qua
961 1177 1192 1242 Gallus
1247 1180 1510 1258 propter
1559 1173 1883 1256 Cynthiae
1940 1171 2281 1236 levitatem
2339 1173 2409 1233 et
2460 1187 2599 1249 per-

288 1287 506 1352 fidiam
533 1286 941 1368 Propertium
985 1285 1278 1367 vexavit,
1327 1303 1410 1348 ex
1453 1283 1643 1348 huius
1690 1281 2013 1347 amoribus
2048 1297 2190 1344 esse
2235 1281 2496 1342 enatam
2534 1277 2600 1341 in

285 1396 628 1478 propatulo
673 1400 794 1461 est.

491 1543 798 1624 Sequitur
843 1545 924 1609 el.
989 1549 1086 1624 16,
1141 1543 1206 1608 in
1255 1562 1382 1623 qua
1429 1544 1697 1626 J‘anuam
1742 1543 2112 1622 loquentem
2158 1537 2407 1603 inducit
2451 1536 2605 1600 Pro-

289 1653 556 1733 pertius.
646 1651 836 1718 Hanc
881 1651 1158 1734 elegiam
1209 1671 1352 1716 cum
1391 1650 1865 1732 Hertzbergius
1911 1649 2171 1735 (transl.
2219 1649 2444 1728 germ.)
2502 1663 2603 1708 ra-

288 1759 485 1825 tionis
526 1760 772 1839 aliquid
813 1759 1054 1825 habere
1097 1779 1238 1825 cum
1298 1760 1517 1840 aliqua
1557 1765 1791 1842 poetae
1833 1759 2013 1825 vitae
2059 1756 2431 1822 condicione
2475 1771 2601 1818 non

290 1884 432 1931 esse
475 1850 616 1932 veri
660 1866 971 1932 dissimile
997 1867 1346 1949 existimet,
1395 1867 1770 1932 Knauthius
1821 1872 1874 1932 1.
1910 1872 1967 1930 1.
2009 1865 2201 1930 docet
2234 1861 2601 1927 necessario

295 1975 378 2038 ad
423 1979 654 2056 poetae
701 1975 904 2056 ipsius
943 1994 1224 2040 amorem
1271 1994 1412 2040 esse
1438 1975 1869 2050 referendam,
1909 1972 2059 2053 quia
2104 1971 2373 2053 primum
2419 1973 2621 2032 certa·

282 2082 485 2164 janua
528 2086 872 2166 certusque
899 2087 1152 2147 amator
1178 2083 1650 2164 describantur,
1694 2081 1927 2147 deinde
1963 2081 2106 2162 ipsa
2142 2077 2425 2160 amantis
2454 2093 2601 2141 con-

297 2189 462 2254 dicio
509 2191 786 2269 quadret
830 2191 896 2254 in
941 2190 1370 2272 Propertium,
1419 2190 1695 2271 denique
1730 2191 1849 2254 hoc
1894 2206 2153 2254 carmen
2194 2206 2281 2252 sc.
2328 2188 2409 2251 de
2452 2190 2597 2266 „se“

295 2299 716 2379 compositum
761 2298 1072 2380 respiciat
1113 2304 1310 2380 poeta
1366 2299 1432 2363 in
1490 2299 1570 2365 el.
1633 2304 1729 2364 18.
1784 2316 1891 2364 vv.
1948 2302 2025 2362 23
2078 2300 2147 2360 et
2200 2299 2316 2368 242
2374 2294 2604 2375 quibus

287 2425 431 2472 cum
465 2407 748 2472 conferri
784 2407 1034 2488 possint
1071 2408 1280 2472 nostri
1321 2426 1374 2473 c.
1422 2426 1526 2473 vv.
1580 2413 1655 2472 17
1703 2424 1795 2485 sq.
1870 2405 1993 2470 His
2038 2404 2118 2470 de
2164 2404 2394 2485 causi-S,
2442 2421 2602 2484 quas

286 2515 517 2580 attulit
551 2515 841 2597 Knautb,
889 2534 1029 2580 cum
1069 2515 1454 2596 praesertim
1491 2519 1695 2580 totius
1733 2514 1969 2581 amoris
2015 2513 2303 2578 condicio
2350 2518 2417 2578 et
2462 2513 2600 2592 plu-

283 2625 462 2689 ribus
514 2623 703 2689 huius
761 2623 910 2688 libri
970 2604 1362 2689 carminibus
1421 2623 1528 2710 (cf.
1587 2629 1637 2688 1.
1689 2629 1788 2688 13.
1841 2629 1938 2688 15.
1994 2629 2091 2688 18.
2152 2622 2309 2708 alia)
2368 2621 2465 2685 ita
2514 2621 2601 2686 sit

287 2733 615 2812 descripta
660 2741 728 2796 et
775 2731 1177 2813 argumentis
1221 2750 1303 2796 ex
1346 2731 1619 2813 singulis
1664 2730 1893 2813 elegiis
1934 2731 2290 2811 desumptis
2332 2749 2373 2794 a
2417 2729 2601 2794 nobis

287 2859 481 2920 supra
527 2840 622 2904 ita
665 2840 752 2905 sit
797 2840 1205 2920 adumbrata,
1252 2845 1327 2904 ut
1373 2844 1751 2928 querentem
1803 2839 1882 2904 de
1917 2839 2175 2921 puellae
2208 2838 2601 2903 crudelitate

286 2949 692 3029 Propertium
736 2949 802 3012 in
853 2950 1094 3032 januae
1145 2949 1364 3014 limine
1413 2953 1811 3030 prostratum
1857 2949 2138 3013 inveniri
2182 2948 2409 3013 mirum
2456 2965 2598 3012 esse

285 3045 413 3120 non
461 3056 682 3136 possit,
741 3075 884 3122 cum
928 3057 1013 3122 ad
1067 3057 1569 3122 confirmandam
1614 3056 1935 3121 Knauthii
1994 3056 2389 3122 sententiam
2448 3056 2600 3120 addi

287 3164 536 3244 possint
565 3183 670 3230 vv.
705 3164 819 3247 IV,
870 3171 970 3247 25,
1014 3172 1052 3232 9
1091 3170 1159 3230 et
1195 3169 1292 3247 10,
1338 3165 1570 3244 quibus
1596 3167 1879 3246 puellam
1913 3167 2135 3230 valere
2165 3167 2355 3249 ⁸iubet
2382 3169 2597 3246 poeta,

287 3275 484 3350 atque
518 3290 622 3336 vv.
659 3271 774 3353 IV,
807 3261 881 3354 '6,
925 3277 1006 3337 ’71
1044 3277 1113 3337 et
1151 3279 1250 3355 72,
1301 3273 1562 3337 dubium
1597 3272 1753 3337 mihi
1792 3292 1915 3338 nor²
1947 3292 2087 3337 esse
2120 3273 2399 3354 videtur,
2447 3273 2593 3352 quin

284 3381 408 3444 hac
455 3379 688 3461 elegia,
737 3380 1046 3458 quomodo
1091 3380 1227 3461 ipse
1273 3381 1530 3462 puellae
1567 3381 1854 3461 perfidae
1886 3400 2165 3446 amorem
2211 3381 2334 3448 sibi
2376 3399 2599 3446 recon-

283 3487 508 3551 ciliare
555 3486 896 3568 studuerit,
947 3494 1232 3569 exponat
1275 3488 1672 3570 Propertius,

488 3658 565 3722 In
629 3658 859 3723 ultima
919 3660 1380 3725 amatoriarum
1433 3661 1625 3726 huius
1680 3660 1830 3726 libri
1889 3661 2244 3743 elegiarum
2292 3667 2373 3725 20
2420 3661 2599 3727 nulla

289 3767 460 3832 inest
505 3766 830 3846 Propertii
889 3767 1122 3832 amoris
1167 3768 1425 3835 mentio.
1517 3768 1779 3834 Summa
1836 3769 2007 3833 enim
2063 3768 2252 3834 huius
2296 3770 2599 3835 carminis

287 3874 658 3956 argumenti
705 3874 1074 3940 continetur
1121 3875 1426 3941 Herculis
1482 3881 1550 3940 et
1589 3875 1807 3958 Hylae
1868 3876 2093 3942 fabula
2134 3896 2208 3942 eo
2254 3878 2517 3942 consilio
2558 3899 2598 3943 a

286 3987 482 4063 poeta
537 3987 864 4064 enarrata,
927 3989 1002 4048 ut
1066 3983 1260 4049 Gallo
1319 3985 1548 4068 HylaS‚
1612 3985 1906 4067 deliciae,
1966 3985 2194 4069 majori
2252 4005 2447 4052 curae
2494 3989 2594 4055 sit.

290 4092 396 4155 Ex
431 4091 681 4172 elegiae
714 4091 918 4172 igitur
950 4097 1352 4174 argumentO,
1397 4093 1697 4172 quoniam
1726 4113 1809 4158 ne
1840 4095 2038 4158 verbo
2076 4095 2330 4173 quidem
2365 4099 2597 4175 poetae

285 4217 464 4263 amor
506 4198 824 4281 tangitur,
887 4218 1271 4280 quamquam
1333 4201 1431 4266 sui
1484 4201 1687 4282 ipsius
1744 4202 1981 4267 amoris
2034 4203 2409 4268 condicione
2454 4222 2595 4269 esse

284 4307 637 4372 adductum
679 4325 841 4388 eum,
882 4317 956 4371 ut
991 4307 1251 4373 Gallum
1291 4310 1689 4395 admoneret,
1734 4310 2041 4392 colligere
2078 4329 2204 4376 non
2243 4330 2595 4395 possumus,

284 4420 503 4478 tamen
565 4413 632 4478 id
691 4413 897 4495 ipsum
957 4434 1094 4480 meo
1150 4417 1296 4498 jure
1352 4417 1667 4498 suspicari
1716 4436 1903 4498 posse
1963 4418 2260 4483 existimo
2325 4438 2405 4483 ex
2452 4425 2594 4485 tota

287 4521 524 4590 amoris
584 4522 859 4604 ratione,
920 4541 1085 4602 quae
1144 4525 1293 4590 libri
1361 4526 1393 4589 Ι
1452 4525 1681 4608 elegiis
1738 4527 2043 4591 cernitur.
2132 4527 2395 4592 Etenim
2455 4547 2596 4598 cum
