3142 4984
1479 467 1903 528 ...34-

739 635 844 718 ΕΙ,
890 653 1054 716 quae
1103 634 1406 715 sequitur
1436 639 1479 698 4
1532 635 1981 718 cognominum
2034 634 2581 716 explanandorum
2643 651 2840 698 causa

533 760 675 807 esse
719 743 1047 808 conditum
1095 746 1165 808 et
1206 761 1313 809 vv.
1362 749 1386 807 1
1439 748 1509 808 et
1550 749 1625 808 2:

939 849 1252 918 „Tarpeium
1289 866 1475 904 nemus
1511 853 1567 904 et
1610 850 1862 918 Tarpeiae
1903 852 2058 920 turpe
2096 849 2395 920 sepulcrum

1148 939 1322 994 Fabor
1361 943 1418 994 ct
1455 940 1665 1008 antiqui
1708 940 1895 994 limina
1931 942 2092 1009 capta
2124 939 2158 994 J
2162 940 2311 992 ovis“

533 1031 603 1090 et
644 1043 746 1094 VV.
794 1033 873 1094 93
922 1034 991 1094 et
1032 1033 1147 1096 94:

947 1137 1024 1204 „A
1060 1137 1192 1192 duce
1228 1138 1452 1208 Tarpeia
1485 1155 1638 1191 mons
1673 1140 1756 1191 est
1791 1151 2081 1206 cognomen
2120 1137 2372 1206 adeptus:

1150 1227 1194 1282 Ο
1230 1228 1379 1297 vigil,
1415 1229 1615 1282 iniuste
1647 1228 1879 1299 praemia
1913 1228 2075 1281 sortis
2112 1227 2333 1291 habes;“

529 1333 795 1395 quorum
872 1317 970 1382 illi
1026 1317 1416 1399 prooemium
1474 1319 1541 1382 hi
1612 1319 2089 1400 perorationem
2151 1316 2455 1383 carminis
2524 1315 2837 1390 efficiunt,

527 1423 724 1489 facile
767 1425 1174 1509 perspicitur.
1263 1426 1483 1504 Atque
1527 1427 1649 1490 hoc
1702 1425 1986 1491 carmine
2030 1425 2097 1490 id
2141 1443 2339 1507 agere
2381 1423 2536 1489 mihi
2578 1423 2840 1488 videtur

525 1535 738 1615 poeta,
777 1537 952 1598 ntea
985 1534 1417 1615 tractetloca,
1457 1552 1625 1613 quae
1648 1533 2069 1614 Tarpeiorum
2092 1533 2481 1616 cognomine
2505 1531 2843 1602 feruntur:

527 1640 876 1722 Tarpeium
920 1659 1161 1724 nemuS,
1196 1641 1516 1722 Tarpeiae
1562 1643 1925 1723 sepulcrum
1968 1646 2376 1721 montemque
2404 1633 2836 1721 Capitolinum

427 1833 432 1838 9
525 1749 634 1814 vel
664 1749 1034 1832 Tarpeium,
1060 1749 1361 1829 quonia'm
1407 1749 1705 1832 „antiqui
1733 1749 1957 1815 limina
1980 1748 2026 1813 J
2028 1749 2207 1816 ovis“
2230 1767 2409 1814 mons
2430 1746 2834 1828 Capitolinus

525 1859 627 1920 est
685 1856 1194 1939 intellegendUS,
1263 1875 1450 1937 quem
1520 1875 1903 1937 quamquam
1978 1857 2289 1938 templum
2358 1855 2544 1922 Jovis
2614 1853 2687 1922 Ο.
2746 1853 2834 1918 Μ.

523 1965 805 2029 nondum
869 1969 1015 2030 erat
1073 1965 1435 2048 conditum,
1494 1964 1884 2031 domicilium
1940 1964 2167 2031 summi
2225 1964 2330 2029 dei
2382 1982 2634 2045 semper
2692 1980 2835 2028 esse

521 2072 817 2159 habitum
887 2076 1068 2138 recte
1140 2072 1335 2138 affert
1389 2070 1943 2160 Hert'zberguis1).
2057 2075 2151 2138 At
2211 2091 2354 2137 cum
2426 2090 2533 2141 vv,
2594 2078 2629 2136 3
2657 2077 2834 2137 -92

524 2180 885 2262 expositum
931 2181 1034 2258 sit,
1081 2186 1150 2246 et
1196 2181 1594 2264 cognominis
1637 2201 1884 2265 eorum,
1942 2199 2109 2263 quae
2146 2199 2206 2249 v.
2259 2187 2289 2245 1
2341 2183 2837 2248 commemorata

523 2293 695 2371 sunt,
721 2288 1007 2355 locorum
1034 2293 1103 2354 et
1123 2290 1361 2355 montis
1385 2290 1564 2372 capti
1600 2289 1803 2356 fuisse
1834 2309 2098 2356 causam
2124 2289 2489 2370 Tarpeiam,
2518 2288 2836 2370 virginem

520 2397 702 2462 illam
718 2397 1073 2480 Vestalem,
1097 2397 1374 2464 disticho
1393 2403 1704 2483 extremo,
1732 2399 1787 2465 si
1808 2399 2122 2466 traditam
2139 2398 2428 2465 codicum
2450 2397 2837 2479 scripturam

523 2502 876 2587 sequimur:
938 2507 1042 2589 „A
1101 2507 1264 2573 duce
1322 2508 1649 2590 Tarpeio“
1709 2513 1900 2590 cett,
1962 2512 2242 2574 montem
2304 2506 2737 2588 Capitolinum
2796 2525 2836 2571 a

523 2613 824 2695 Tarpeio,
870 2613 1059 2679 huius
1104 2614 1379 2710 virginis
1414 2621 1606 2697 patre
1648 2616 1977 2698 accepisse
2023 2634 2396 2698 cognomen,
2443 2615 2670 2681 mirum
2714 2618 2833 2680 est.

523 2720 808 2786 Primum
868 2721 1035 2786 enim
1081 2715 1435 2805 cognomen
1491 2725 1730 2816 montis
1783 2726 1906 2790 hoc
1947 2725 2133 2790 modo
2179 2724 2494 2805 explicari
2552 2725 2635 2790 ab
2693 2722 2837 2804 ipsa

521 2829 746 2895 horum
791 2829 1148 2895 carminum
1190 2831 1448 2896 ratione
1503 2838 1606 2896 est
1664 2832 1962 2900 alienum.
2066 2831 2299 2898 Omnia
2373 2832 2547 2898 enim
2618 2830 2835 2897 huius-

521 2938 691 3004 modi
734 2937 1053 3020 carmina,
1122 2956 1288 3018 quae
1335 2943 1605 3004 exstant
1654 2941 1827 3022 apud
1869 2941 2279 3022 Propertium
2331 2941 2429 3006 ita
2474 2944 2628 3006 sunt
2669 2958 2837 3004 com-

520 3051 757 3127 parata
775 3095 791 3128 ,
852 3050 928 3110 ut
985 3049 1327 3126 postquam
1378 3047 1601 3128 primis
1663 3048 2040 3130 plerumque
2105 3049 2399 3116 versibus
2416 3098 2432 3130 ,
2490 3047 2673 3113 cuius
2722 3047 2835 3114 vel

520 3153 918 3237 cognominis
982 3155 1090 3219 vel
1163 3141 1367 3219 sacri⁴
1405 3159 1578 3220 cett:
1663 3139 1926 3223 causam
2007 3157 2561 3239 interpretaturus
2634 3161 2829 3238 esset,

520 3261 750 3328 attulit
839 3266 1073 3344 poeta,
1164 3261 1441 3328 medium
1517 3281 1779 3330 carmen
1868 3267 1976 3332 vel
2058 3284 2305 3332 summa
2381 3264 2685 3330 carminis
2758 3283 2837 3329 ea

521 3369 934 3435 contineatur
999 3369 1416 3435 enarratione
1471 3372 1579 3437 vel
1636 3372 1889 3448 fabula,
1963 3392 2091 3453 qua
2153 3372 2430 3439 nominis
2496 3372 2672 3438 illius
2730 3373 2838 3438 vel

519 3477 691 3544 sacri
749 3482 908 3576 cett.
983 3478 1162 3561 origo
1228 3479 1609 3560 explicetur.
1713 3480 1853 3563 Quo
1917 3481 2095 3546 facto
2162 3481 2471 3547 extremis
2534 3480 2837 3546 carminis

518 3585 813 3653 versibus
889 3585 1137 3669 „hinc“
1194 3586 1370 3652 illius
1440 3588 1564 3670 rei,
1640 3589 1725 3654 ad
1784 3607 1975 3668 quam
2047 3593 2191 3655 tota
2263 3593 2521 3672 spectat
2590 3589 2833 3670 fabula,

520 3713 781 3775 causam
851 3711 995 3761 esse
1076 3697 1499 3777 repetendam
1578 3697 2011 3779 perorationis
2081 3699 2148 3763 in
2228 3699 2482 3764 modum
2558 3697 2835 3764 additur.

517 3801 752 3883 Itaque
828 3821 970 3868 cum
1055 3803 1334 3868 medium
1418 3823 1678 3870 carmen
1774 3806 1881 3872 vel
1972 3805 2296 3887 narratiO,
2395 3823 2561 3885 quae
2633 3804 2837 3870 totius

521 3910 826 3976 carminis
879 3913 1334 3992 argumentum
1393 3909 1635 3994 efficit,
1695 3918 1771 3978 ut
1818 3932 1963 3979 cum
2014 3913 2337 3996 prooemio
2395 3919 2593 3995 atque
2653 3932 2833 3995 pero-

521 4018 777 4084 ratione
852 4019 1221 4084 consentiat
1287 4020 1591 4086 carminis
1653 4021 1855 4103 ipsius
1920 4022 2096 4088 ferat
2152 4026 2408 4104 natura,
2476 4023 2543 4087 in
2613 4027 2837 4088 nostra

522 4125 736 4208 elegia
775 4125 1012 4192 montis
1052 4145 1408 4209 cognomen
1466 4129 1549 4194 ad
1594 4129 2025 4210 proditionem
2068 4131 2249 4196 illam
2294 4130 2649 4212 Tarpeiae,
2708 4149 2836 4210 qua

521 4232 827 4301 carminis
868 4239 1321 4317 argumentum
1365 4236 1756 4320 continetur,
1802 4237 2036 4304 referri
2081 4257 2346 4304 necesse
2384 4243 2508 4305 est.
2581 4239 2836 4304 Deinde

519 4342 929 4425 Propertium
973 4343 1056 4408 ab
1103 4362 1200 4427 ea,
1247 4362 1438 4424 quam
1482 4347 1654 4411 ratio
1697 4346 1840 4428 ipsa
1860 4346 2173 4430 postulat,
2215 4347 2652 4428 explicatione
2694 4365 2835 4413 esse

735 4535 774 4600 ¹)
815 4532 872 4584 in
907 4535 1245 4587 commentar.
1280 4550 1331 4604 p.
1366 4535 1484 4588 433.
1565 4581 1570 4584 .
