3142 4984
1439 523 1524 538 ...
1609 489 1699 552 43
1782 525 1868 540 ..-

507 655 739 720 larium
796 674 1050 723 suorum
1085 658 1398 742 judicium
1454 659 1665 740 magis
1728 676 2149 741 componere,
2206 657 2503 725 Ovidium
2549 659 2825 740 denique

510 764 756 830 nullum
813 783 1094 845 unquam
1153 771 1636 847 pentametrum
1699 765 1823 831 tali
1874 764 2164 832 finivisse
2225 767 2560 833 vocabulo.
2668 767 2824 832 Pro-

505 871 785 952 pertium
829 872 1051 956 igitur,
1099 874 1334 956 quippe
1374 875 1482 954 qui
1523 877 1862 955 poetarum
1902 873 2489 940 Alexandrinorum
2534 874 2824 940 carmina

507 998 634 1046 non
675 981 860 1046 modo
902 984 1239 1065 probasse,
1287 982 1400 1047 sed
1444 982 1876 1048 admirantem
1933 1000 2003 1048 se
2060 1000 2205 1048 esse
2249 982 2577 1048 imitatum
2624 983 2825 1048 toties

504 1088 911 1172 profiteatur,
956 1091 1024 1155 in
1064 1091 1306 1174 primis,
1355 1109 1521 1172 quae
1567 1089 1859 1157 condidit
1881 1091 2275 1158 carminibus
2312 1109 2529 1157 eorum
2568 1091 2824 1172 potissi-

505 1216 673 1280 mum
716 1217 858 1264 esse
903 1205 1196 1267 secutum
1236 1200 1589 1281 rationem,
1622 1185 1708 1264 511
1750 1198 2228 1280 'posterioribus
2268 1205 2489 1268 autem
2534 1201 2619 1266 ad
2679 1219 2821 1267 eam

502 1325 802 1372 versuum
833 1307 1126 1392 formam,
1173 1309 1338 1390 quae
1361 1309 1635 1374 aliorum
1679 1307 1857 1374 illius
1884 1308 2130 1374 aetatis
2152 1312 2503 1389 'poetarum
2540 1313 2821 1375 auctori-

503 1417 648 1480 tate
695 1419 765 1480 et
807 1417 1173 1499 elegantior
1228 1419 1591 1500 putabatur
1652 1424 1723 1482 et
1764 1417 2021 1497 patriae
2087 1416 2351 1510 linguae
2413 1417 2623 1500 magis
2681 1423 2827 1483 erat

502 1523 1021 1606 accommodata,
1085 1525 1321 1591 sensim
1383 1544 1454 1592 se
1485 1525 1917 1608 composuisse
1945 1530 2145 1607 atque
2188 1527 2257 1593 in
2294 1527 2605 1593 extremis
2644 1519 2823 1594 illam

509 1629 698 1696 unice
742 1649 1111 1715 usurpasse,
1159 1633 1312 1713 quid
1360 1633 1567 1716 magis
1612 1638 2119 1700 consentaneum
2162 1653 2305 1701 esse
2347 1635 2613 1719 potest?
2672 1635 2822 1702 Jam

506 1737 692 1804 vides
729 1739 882 1819 quid
919 1741 1342 1825 judicandum
1399 1741 1486 1807 sit
1547 1741 1629 1806 de
1671 1741 2095 1826 Hertzbergii
2118 1743 2504 1826 sententia,
2562 1745 2671 1824 qui
2713 1743 2819 1828 (Q.

504 1846 547 1911 1.
593 1845 700 1912 III
761 1866 823 1929 p.
875 1852 1027 1932 216)
1089 1855 1165 1915 ut
1232 1849 1508 1932 refutet,
1611 1849 1933 1916 Nobbium
2000 1850 2171 1915 idem
2237 1855 2439 1931 atque
2498 1852 2819 1922 Eschenb.

504 1954 1080 2040 demonstrantem,
1127 1957 1452 2040 longiores
1489 1957 1639 2023 illos
1674 1957 1889 2023 exitus
1933 1976 2242 2039 perquam
2288 1977 2431 2025 esse
2474 1978 2823 2026 accommo-

503 2061 695 2128 datos
741 2069 988 2130 moesto
1024 2064 1252 2147 generi
1297 2070 1366 2131 et
1409 2064 1629 2148 fiebili,
1677 2066 2168 2132 narrationibus
2208 2070 2429 2132 autem
2458 2071 2527 2134 et
2567 2067 2823 2137 sadatis

502 2169 1009 2251 expositionibus
1069 2187 1210 2242 esse
1261 2171 1694 2240 alienissimos
1750 2177 1933 2239 recte
1982 2175 2120 2257 jam
2164 2174 2545 2240 observasse
2588 2174 2824 2241 Palda-

501 2297 671 2345 mum
697 2279 744 2366 ¹)
789 2278 968 2345 dicit.

709 2387 838 2453 Sed
882 2387 1050 2453 alias
1091 2405 1342 2468 quoque
1401 2392 1667 2454 exstare
1711 2405 1974 2471 causaS,
2030 2407 2067 2454 e
2112 2389 2343 2470 quibus
2385 2389 2489 2455 ell.
2537 2389 2619 2472 V,
2668 2393 2719 2454 1.
2767 2395 2823 2458 2.

502 2499 658 2561 cett.
705 2501 852 2577 post
906 2496 1187 2577 priorum
1231 2495 1540 2562 librorum
1601 2496 1892 2563 carmina
1950 2515 2093 2562 esse
2158 2497 2439 2582 scriptas
2484 2502 2822 2580 appareat,

502 2603 828 2670 Eschenb.
869 2605 1060 2670 docet
1104 2604 1218 2670 l·l.
1254 2623 1357 2685 pp.
1402 2609 1676 2672 89—96.
1738 2605 1960 2684 Atque
2003 2603 2276 2687 primum
2327 2604 2603 2688 quidem,
2649 2609 2825 2687 post-

501 2728 693 2790 quam
739 2729 798 2780 v.
843 2711 921 2794 V,
971 2717 1002 2777 1
1025 2761 1042 2794 ,
1105 2716 1178 2793 3,
1226 2729 1350 2791 quo
1394 2711 1719 2794 Apollinis
1761 2711 2053 2778 Palatini
2094 2712 2323 2794 aedes,
2371 2730 2562 2792 quam
2601 2730 2661 2778 a.
2684 2718 2823 2778 -726

501 2837 645 2884 esse
705 2818 1076 2885 dedicatam
1113 2819 1241 2885 Dio
1291 2819 1556 2886 Cassius
1614 2819 1903 2907 (L'III,l)
1963 2819 2204 2902 tradit,
2268 2825 2823 2904 commemoratur,

502 2927 667 2994 illud
712 2928 1041 2994 exordium
1082 2927 1175 3015 (Ι,
1230 2933 1259 2992 1
1283 2977 1299 3010 ,
1349 2929 1621 3014 1—70)
1679 2932 1839 2994 ante
1891 2929 2083 2994 finem
2124 2948 2185 2995 a.
2234 2932 2357 2996 726
2402 2928 2823 3011 compositum

504 3053 647 3101 esse
690 3054 819 3102 non
862 3054 1050 3117 posse
1094 3035 1332 3118 docuit,
1372 3035 1480 3103 611.
1525 3035 1581 3118 Ι,
1629 3041 1687 3102 6.
1734 3035 1823 3119 Π,
1870 3041 1923 3105 ’7.
1968 3035 2104 3119 III,
2154 3041 2235 3102 29
2284 3037 2405 3103 hoc
2449 3055 2620 3103 anno
2665 3036 2821 3103 Pro-

503 3143 784 3224 pertium
847 3143 984 3228 jam
1048 3143 1290 3209 multas
1347 3143 1433 3209 ad
1491 3142 1842 3226 cynthiam
1893 3144 2353 3210 celebrandam
2412 3144 2693 3228 elegiaS,
2752 3144 2823 3208 in

507 3268 776 3330 quarum
835 3268 1099 3317 numero
1158 3255 1338 3317 totus
1395 3255 1500 3316 est
1553 3251 1721 3316 liber
1773 3251 1807 3316 I
1824 3300 1840 3333 ,
1898 3251 2262 3318 condidisse
2319 3251 2485 3318 satis
2540 3251 2823 3318 dilucide

505 3360 926 3425 demonstrat.
1032 3359 1280 3442 Quibus
1348 3379 1430 3426 ex
1510 3359 1743 3441 positis
1817 3377 1963 3426 cum
2036 3378 2111 3426 eo
2194 3360 2489 3440 quaestio
2570 3361 2820 3434 redeat,

503 3486 654 3533 num
675 3467 964 3534 carmina
985 3467 1104 3534 illa
1136 3473 1254 3534 aut
1279 3486 1408 3535 una
1441 3486 1585 3534 cum
1626 3467 2017 3534 carminibus
2037 3467 2374 3534 amatoriis
2394 3472 2512 3534 aut
2536 3467 2821 3550 Cynthia

500 3579 570 3642 in
620 3580 1003 3658 perpetuum
1061 3576 1296 3642 relicta
1357 3575 1490 3641 sint
1548 3574 1847 3658 condita,
1893 3575 2219 3642 Eschenb.
2260 3575 2489 3658 affert,
2546 3575 2820 3657 primum

505 3684 917 3766 Propertium
948 3684 1085 3749 tale
1112 3702 1271 3766 opus
1293 3685 1486 3764 quale
1507 3683 1587 3767 V,
1637 3689 1693 3767 1,
1740 3689 1949 3750 1-70
1974 3683 2376 3766 pronuntiat,
2421 3701 2502 3749 ex
2526 3683 2823 3768 cogitare

503 3810 632 3858 non
672 3792 964 3873 potuisse
993 3791 1074 3858 iis
1119 3793 1535 3875 temporibus,
1584 3791 1815 3872 quibus
1856 3791 2114 3874 puellae
2144 3790 2424 3857 vinculis
2448 3791 2819 3875 tenebatur,

503 3900 737 3967 deinde
801 3899 1139 3981 quominus
1202 3900 1272 3965 in
1329 3899 1667 3966 discidium
1725 3900 1887 3966 illud
1949 3917 2232 3968 annuum
2305 3900 2467 3967 haec
2532 3899 2821 3966 carmina

503 4010 740 4076 cadere
767 4013 1115 4092 putemUS,
1174 4007 1486 4090 impedire
1530 4013 1601 4074 et
1645 4014 2005 4090 temporum
2047 4006 2337 4072 rationes
2402 4011 2472 4072 et
2530 4007 2821 4073 carmina

500 4117 650 4200 illa,
709 4135 876 4197 quae
929 4135 1009 4182 ex
1079 4115 1218 4198 ipso
1287 4115 1556 4182 discidio
1618 4119 1881 4182 exstent
1951 4115 2051 4181 ita
2107 4118 2216 4196 ut,
2296 4114 2597 4195 quoniam
2662 4115 2821 4180 talis

501 4225 776 4292 alterius
830 4224 1168 4291 infortunii
1225 4225 1408 4291 nulla
1469 4224 1597 4290 fiat
1670 4224 1911 4291 mentio
1931 4274 1949 4308 ,
2024 4223 2449 4290 dubitandum
2517 4241 2646 4290 non
2710 4223 2818 4306 sit,

501 4334 606 4403 611.
681 4338 739 4400 1.
829 4339 886 4402 2.
973 4337 1127 4402 cett.
1209 4338 1358 4414 post
1428 4332 1713 4416 priorum
1800 4333 2109 4402 librorum
2193 4330 2441 4416 elegias
2519 4331 2819 4400 conditas

715 4569 766 4642 1)
803 4568 867 4624 de
904 4569 1078 4624 Erott.
1115 4567 1332 4622 Roman.
1369 4584 1420 4640 p.
1459 4569 1538 4624 69.
