3142 4984
1546 453 1967 514 ...25-

597 619 912 685 Nimirum
968 619 1348 700 Propertius
1406 620 1636 685 doctus
1695 619 2073 684 calamitate
2130 620 2267 702 illa,
2331 639 2524 699 quam
2583 620 2915 702 Cynthiae

592 745 815 793 amore
844 731 990 793 erat
1014 732 1320 809 expertus
1351 745 1548 793 sanus
1583 729 1849 794 tandem
1878 729 2096 794 factus
2127 732 2272 794 erat
2303 727 2442 812 (IV,
2479 732 2582 810 24,
2625 727 2914 813 17—20)

598 839 796 916 atque
822 840 1045 902 aestus
1068 835 1182 901 ille
1212 835 1449 901 amoris
1475 823 1767 902 cesserat
1798 835 2117 919 gravitati
2161 835 2414 903 cuidam
2453 835 2668 918 animi,
2717 853 2912 914 quam

598 943 998 1028 gravitatem
1030 963 1160 1009 non
1192 944 1395 1010 solum
1430 944 1499 1011 in
1545 943 1935 1019 carminibus
1974 946 2158 1011 modo
2188 944 2518 1027 tractatiS,
2565 945 2678 1009 sed
2709 943 2911 1010 etiam

595 1053 731 1119 illis
775 1071 930 1119 vere
972 1051 1437 1135 Propertianis,
1484 1052 1628 1118 dico
1676 1071 1788 1118 eas
1831 1053 2017 1121 huius
2066 1053 2215 1119 libri
2255 1053 2518 1136 elegiaS,
2582 1071 2748 1132 quae
2793 1057 2914 1118 aut

600 1161 686 1228 ad
740 1158 1091 1245 Cynthiam
1144 1160 1353 1243 ipsam
1406 1159 1643 1226 missae
1699 1165 1818 1226 aut
1869 1167 2104 1244 poetae
2158 1161 2358 1243 ipsius
2411 1180 2698 1227 amorum
2757 1165 2915 1227 sunt

608 1270 859 1352 plenae,
887 1269 1166 1351 perspici
1194 1268 1373 1338 licet.

809 1396 961 1463 Jam
1006 1397 1173 1477 quod
1220 1397 1305 1463 ad
1348 1397 1471 1461 huc
1530 1396 1808 1462 evicisse
1861 1397 2018 1461 mihi
2054 1397 2306 1479 videor,
2351 1397 2758 1478 Propertium
2813 1416 2914 1463 re-

603 1505 1007 1588 frigescente
1042 1523 1259 1573 amore
1299 1504 1688 1586 applicuisse
1711 1503 1991 1570 animum
2021 1506 2104 1570 ad
2128 1510 2514 1587 argumenta
2549 1504 2915 1571 austeriora

605 1617 805 1693 atque
827 1613 1133 1696 graviora
1160 1613 1580 1679 confirmatur
1597 1613 1874 1692 denique
1905 1617 2104 1693 atque
2129 1614 2584 1694 comprobatur
2609 1613 2688 1676 el.
2708 1611 2831 1692 ΙΙΙ,
2861 1617 2912 1677 1.

606 1721 799 1787 Hanc
860 1724 1030 1787 enim
1082 1722 1394 1804 elegiam,
1463 1739 1653 1802 quam
1703 1721 2073 1803 argumenti
2135 1721 2235 1786 sui
2303 1721 2556 1786 ratione
2617 1740 2657 1785 a
2716 1719 2915 1785 trium

608 1829 893 1912 priorum
952 1830 1259 1895 librorum
1304 1829 1662 1912 elegiarum
1708 1835 1945 1894 natura
1989 1837 2188 1909 atque
2228 1828 2443 1894 indole
2495 1830 2690 1910 plane
2738 1847 2914 1893 rece-

607 1936 761 2003 dere
803 1937 1113 2021 vidimus,
1172 1938 1482 2019 scriptam
1534 1956 1678 2002 esse
1713 1937 2023 2002 abdicata
2080 1937 2148 2002 in
2205 1942 2587 2018 perpetuum
2630 1936 2916 2019 Cynthia

603 2050 946 2127 postquam
1014 2046 1264 2110 monuit
1313 2045 1727 2127 Lachmann,
1748 2045 1796 2132 ¹)
1852 2045 2255 2128 argumentis
2309 2063 2391 2110 ex
2437 2045 2576 2126 ipso
2633 2044 2916 2110 carmine

608 2153 965 2236 desumptis
1030 2153 1579 2221 confirmaverunt
1634 2153 2064 2235 Eschenburg
2124 2152 2263 2238 (1.1.
2318 2173 2380 2234 p.
2424 2154 2536 2240 94)
2591 2156 2660 2218 et
2716 2153 2914 2216 Luet-

600 2262 847 2346 johann
886 2262 957 2349 (l.
989 2261 1029 2326 l.
1060 2281 1165 2344 pp.
1215 2267 1293 2327 ’77
1334 2265 1517 2344 sqq.),
1563 2261 1650 2327 ad
1693 2280 1852 2341 quos
1880 2279 2390 2341 unumquemque
2418 2279 2668 2326 revoco,
2705 2263 2915 2342 Argu-

620 2375 843 2436 menta
912 2388 1068 2437 vero
1124 2389 1165 2435 a
1230 2388 1337 2436 VV.
1405 2369 1539 2435 illis
1599 2370 1703 2436 dd.
1761 2369 2020 2451 prolata
2089 2369 2387 2448 quoniam
2449 2370 2915 2451 demonstrant,

608 2497 659 2544 c.
724 2478 829 2543 111
848 2529 863 2560 ,
932 2485 961 2542 1
984 2527 1001 2560 ,
1065 2495 1188 2558 quo
1247 2496 1374 2543 uno
1440 2496 1523 2543 ex
1591 2476 1882 2543 omnibus
1938 2481 2217 2556 quatuor
2269 2477 2550 2558 priorum
2610 2476 2914 2541 librorum

616 2587 1039 2669 carminibuS,
1088 2605 1159 2652 se
1200 2585 1381 2665 poesi
1406 2576 1726 2651 amatoria
1769 2584 2004 2651 relicta
2049 2585 2336 2651 carmina
2374 2585 2558 2667 epica
2601 2603 2743 2650 esse
2769 2602 2916 2650 con-

610 2696 894 2762 diturum
932 2699 1127 2777 poeta
1172 2694 1590 2776 pronuntiat,
1648 2694 1935 2777 Cynthia
1967 2713 2242 2759 excussa
2287 2713 2428 2759 esse
2473 2674 2949 2774 compositum,'

612 2808 795 2870 recte
832 2823 872 2868 a
912 2820 1015 2869 me
1040 2801 1319 2884 positum
1348 2821 1490 2867 esse
1530 2807 1827 2884 apparet,
1867 2801 2137 2883 primum
2165 2801 2410 2885 elegias
2453 2801 2604 2866 illas
2629 2801 2778 2866 libri
2801 2800 2914 2882 IV,

610 2913 679 2978 in
724 2911 954 2992 quibus
994 2930 1035 2976 a
1065 2910 1353 2993 Cynthia
1397 2911 1846 2990 amoribusque
1893 2909 2026 2974 suis
2051 2909 2458 2975 celebrandis
2500 2927 2570 2974 se
2610 2912 2916 2976 avertens

613 3018 991 3100 Propertius
1030 3021 1419 3101 argumenta
1462 3022 1716 3084 tractat
1737 3018 2120 3084 austeriora
2181 3023 2379 3097 atque
2425 3016 2764 3099 graviora,
2823 3015 2914 3079 in-

615 3125 850 3191 dicium
906 3142 1047 3190 esse
1110 3125 1346 3190 amoris
1404 3125 1954 3206 defervescentis,
2031 3124 2265 3191 deinde
2335 3124 2634 3205 quoniam
2695 3123 2914 3188 eodem

616 3234 901 3300 carmine
945 3233 1111 3319 (III,
1176 3235 1237 3316 1)
1297 3234 1540 3298 transit
1599 3233 1714 3298 ille
1768 3234 1852 3298 ad
1898 3232 2478 3315 Caesarisgloriam
2519 3230 2913 3312 amplifican-

621 3342 769 3408 dam
810 3359 1043 3420 resque
1102 3340 1186 3405 ab
1245 3340 1358 3406 illo
1403 3345 1628 3422 gestas
1673 3341 1972 3407 laudibus
2032 3341 2474 3422 adornandas,
2533 3341 2916 3421 argumenta

619 3468 785 3530 quae
828 3449 1019 3515 huius
1066 3448 1301 3514 similia
1336 3449 1592 3531 saepius
1618 3449 1802 3516 velut
1846 3455 1903 3515 3.
1948 3453 2008 3514 4.
2060 3455 2138 3514 10
2181 3449 2249 3512 in
2280 3448 2324 3513 1.
2349 3446 2445 3512 IV
2479 3445 2912 3525 inveniuntur,

616 3556 787 3622 idem
828 3555 1137 3622 indicare.
1225 3555 1523 3636 Denique
1568 3557 1868 3636 quoniam
1908 3560 2104 3638 poeta
2149 3574 2291 3620 cum
2337 3556 2442 3620 ell.
2495 3553 2600 3636 lV,
2655 3559 2751 3619 10.
2821 3557 2910 3616 11.

620 3671 697 3731 12
743 3669 885 3748 ctt.,
932 3667 1069 3729 tum
1100 3665 1222 3730 hoc
1266 3683 1317 3732 c.
1363 3665 1515 3746 111,-
1558 3671 1589 3730 1
1639 3665 1724 3730 ad
1771 3664 1906 3730 alia
1950 3663 2206 3730 omnino
2251 3667 2640 3746 argumenta
2684 3678 2905 3742 aggre-

615 3773 823 3856 ditur,
876 3791 1066 3853 quam
1112 3790 1277 3852 quae
1315 3771 1584 3854 vigente
1624 3791 1841 3837 amore
1886 3772 2238 3837 tractanda
2291 3771 2414 3837 sibi
2471 3771 2906 3854 proposuerat,

621 3882 782 3948 illud
834 3898 1083 3962 quoque
1128 3883 1639 3948 demonstratum
1685 3885 1816 3962 est,
1865 3899 2115 3945 errasse
2160 3879 2662 3962 Hertzbergium
2688 3881 2754 3961 ²),
2810 3874 2914 3956 qui

616 4010 748 4058 una
788 4009 933 4058 cum
976 4008 1193 4056 amore
1216 3991 1468 4057 Musam
1504 4007 1752 4070 quoque
1786 3988 2112 4070 Propertii
2147 3987 2534 4056 conticuisse
2566 3986 2909 4052 existimat.

830 4119 959 4186 Sed
988 4123 1064 4184 ut
1104 4121 1367 4186 redeam
1407 4125 1577 4185 unde
1621 4119 1948 4200 digressus
1987 4135 2145 4198 sum,
2192 4135 2270 4181 ex
2311 4117 2410 4200 iis,
2458 4135 2623 4197 quae
2668 4115 2749 4181 de
2791 4115 2911 4180 sin-

617 4229 791 4312 gulis
843 4228 995 4294 libri
1033 4227 1131 4294 IV
1178 4228 1407 4312 elegiis
1463 4227 1936 4312 disputavimus
1990 4215 2300 4309 apparet,
2359 4226 2554 4308 illud,
2611 4224 2778 4304 quod
2835 4225 2909 4288 de

827 4461 866 4525 ¹)
908 4460 976 4514 cf.
1014 4457 1227 4512 Lachm.
1272 4457 1351 4513 ed.
1389 4457 1543 4528 Prop.
1581 4459 1738 4529 prior.
1775 4458 1940 4528 praef.
1973 4475 2044 4529 pp
2092 4458 2242 4512 XXV
2281 4473 2360 4526 sq.

818 4550 859 4610 2)
901 4549 960 4616 Q.
1000 4549 1036 4602 1.
1074 4548 1117 4613 I,
1154 4566 1203 4619 p.
1234 4549 1317 4604 45.
1526 4568 1531 4574 ·
