3142 4984
1375 411 1805 478 -.—52--

434 577 536 647 611.
579 584 636 645 2.
683 581 743 644 4.
792 583 850 643 6.
897 583 956 644 9.
1000 583 1080 646 10
1122 578 1375 655 docent,
1419 596 1562 644 cum
1590 578 1947 661 consilium,
1994 597 2035 644 a
2081 597 2205 659 quo
2248 579 2316 644 in
2360 577 2753 643 carminibus

428 685 560 750 illis
599 685 967 752 documenti
1011 685 1151 752 loco
1208 706 1249 753 a
1302 686 1543 770 Vogtio
1596 687 1821 752 allatis
1877 691 2111 770 poetae
2174 705 2243 752 se
2292 690 2633 766 revocant,
2681 704 2753 750 re

427 812 586 859 vera
651 793 1018 877 abjiciatur,
1078 794 1177 860 ita
1235 799 1312 860 ut
1379 795 1672 861 carmina
1724 794 1840 860 illa
1898 813 2082 862 suum
2151 796 2369 860 orbem
2435 794 2749 860 efficiant.

425 901 679 968 Deinde
725 907 799 968 ut
854 903 1038 968 nobis
1076 902 1509 984 persuadeat,
1570 922 1761 984 quam
1821 905 1977 984 apte
2023 903 2241 984 posita
2301 903 2389 968 sit
2444 904 2522 971 el.
2566 901 2647 983 V,
2696 909 2748 981 1,

433 1016 566 1074 1-
592 1017 711 1078 150
753 1010 962 1090 primo
1007 1010 1198 1076 huius
1245 1009 1395 1075 libri
1439 1011 1615 1092 loce,
1678 1011 1962 1092 exponit,
2007 1014 2083 1076 ut
2124 1030 2381 1093 earum,
2436 1028 2605 1090 quae
2650 1025 2747 1075 se·-

426 1123 711 1198 quantur
769 1119 1124 1202 elegiarum
1183 1117 1426 1200 partim
1480 1118 1841 1184 amatoriae
1901 1119 2035 1184 sint
2092 1119 2332 1201 partim
2390 1118 2746 1185 exhibeant

417 1232 806 1310 argumenta
860 1246 942 1292 ex
981 1226 1186 1293 sacris
1226 1225 1595 1306 fabulisque
1640 1226 1927 1306 antiquis
1973 1227 2188 1308 petita
2208 1278 2224 1310 ,
2270 1228 2369 1292 ita
2396 1231 2748 1292 consenta-

421 1354 611 1401 neum
648 1351 790 1400 esse
823 1335 948 1400 toti
991 1335 1154 1400 libro
1182 1333 1369 1414 quasi
1410 1333 1845 1416 praefationis
1887 1335 2028 1400 loco
2060 1352 2205 1401 eam
2240 1335 2519 1418 elegiam
2559 1353 2744 1416 prae-

425 1443 621 1526 mitti,
675 1461 842 1522 quae
893 1442 1152 1522 utrique
1169 1440 1429 1525 generis
1462 1441 1795 1524 particeps
1831 1441 2070 1523 duplex
2098 1442 2258 1507 libri
2290 1445 2746 1526 argumentum

425 1550 691 1617 indicet.
782 1551 886 1616 Ad
947 1550 1116 1616 hanc
1190 1550 1588 1615 sententiam
1659 1549 1886 1615 miram
1944 1554 2144 1630 atque
2214 1555 2445 1632 aperte
2512 1549 2746 1615 falsam

426 1658 842 1725 refutandam
888 1659 1090 1724 verba
1142 1657 1362 1723 facere
1402 1675 1612 1740 paene
1668 1658 1916 1726 taedet.
2004 1657 2147 1723 Hoc
2191 1658 2366 1736 dico:
2426 1655 2587 1740 Quis
2623 1657 2746 1722 sibi

427 1767 824 1849 persuadeat
860 1770 976 1832 aut
1002 1765 1430 1848 Propertium,
1476 1769 1595 1831 aut
1622 1764 1912 1845 quemvis
1934 1767 2082 1830 aevi
2111 1765 2432 1848 Augustei
2462 1770 2741 1848 poetam,

424 1874 528 1940 cui
572 1873 971 1939 diversorum
1003 1891 1314 1955 generum
1364 1872 1653 1940 carmina
1698 1891 1768 1938 se
1813 1872 1924 1939 uni
1966 1873 2131 1939 libro
2163 1892 2306 1939 esse
2349 1873 2743 1958 inserturum

425 1981 796 2065 significare
840 1981 907 2045 in
947 1980 1158 2046 animo
1220 1984 1367 2046 erat
1383 2031 1398 2062 ,
1461 1985 1598 2046 tam
1656 1981 1803 2046 rudi
1860 1986 2122 2061 tamque
2180 1981 2441 2048 horrida
2490 1980 2745 2048 ratione

421 2107 563 2155 esse
617 2106 899 2170 usurum,
946 2092 1022 2153 ut
1045 2088 1170 2154 duo
1194 2087 1501 2170 carmina,
1530 2106 1799 2168 quorum
1823 2090 2104 2155 alterum
2147 2090 2343 2156 alteri
2389 2089 2740 2157 carminum

419 2201 675 2266 illorum
744 2201 970 2283 generi
1014 2203 1118 2266 est
1170 2199 1655 2274 ascribendum,
1705 2200 1900 2284 juxta
1958 2199 2203 2283 ponat?
2287 2200 2535 2283 Quibus
2593 2218 2741 2265 con-

419 2307 724 2372 sideratis
769 2325 910 2373 cum
953 2313 1172 2373 actum
1217 2306 1305 2374 sit
1346 2308 1425 2373 de
1461 2306 1688 2390 Vogtii
1731 2308 2081 2391 sententia,
2133 2308 2323 2374 mitto
2367 2325 2421 2374 c.
2456 2313 2486 2372 1
2532 2307 2760 2399 Hora?

415 2417 693 2498 tianum,
765 2415 933 2495 quod
1008 2415 1302 2496 quamvis
1360 2417 1446 2482 ad
1508 2416 1905 2482 sententiam
1970 2434 2149 2482 suam
2202 2395 2740 2499 comprobandam

417 2525 531 2590 ille
610 2523 944 2602 attulerit,
1038 2524 1107 2589 id
1203 2523 1444 2607 ipsum,
1529 2525 1699 2604 quod
1793 2525 2009 2591 monui
2090 2529 2399 2590 testatur.
2524 2523 2739 2590 Affert

421 2633 590 2698 enim
648 2633 763 2697 ille
801 2631 1148 2697 Horatium
1207 2631 1510 2697 similiter
1559 2651 1640 2698 ao
1692 2632 2103 2715 Propertium
2164 2637 2284 2700 hoc
2340 2634 2482 2700 loco
2540 2633 2608 2698 in
2663 2651 2738 2698 eo

418 2741 721 2823 carmine,
765 2759 889 2823 quo
934 2744 1073 2806 tres
1103 2740 1350 2822 priores
1379 2740 1693 2806 indixerit
1738 2741 1955 2824 libros,
2004 2747 2073 2807 et
2111 2760 2342 2809 severa
2375 2746 2445 2807 et
2485 2741 2739 2834 ludicra

417 2849 705 2915 carmina
749 2867 821 2914 se
874 2848 1216 2930 scripsisse
1256 2849 1629 2932 declarare,
1677 2849 1989 2929 siquidem
2034 2854 2216 2915 recte
2262 2849 2323 2916 J.
2371 2849 2439 2915 C.
2483 2849 2662 2916 Jahn
2692 2852 2736 2936 ¹)

415 2957 741 3038 ostendat,
788 2956 942 3022 deos
973 2975 1238 3038 superos
1285 2961 1353 3022 et
1374 2956 1875 3040 Polyhymniam
1901 2958 1981 3023 de
2022 2957 2353 3041 gravibuS,
2398 2958 2737 3039 Euterpen

420 3071 487 3132 et
530 3065 866 3148 Nymphas
917 3068 988 3130 et
1026 3064 1301 3147 Satyros
1328 3066 1407 3132 de
1429 3065 1684 3132 levibus
1705 3065 2095 3132 carminibus
2124 3084 2266 3132 esse
2308 3066 2735 3149 accipiendos,

346 3165 351 3170 ’
625 3173 1064 3255 Quaecunque
1106 3171 1312 3256 igitur
1354 3174 1439 3239 ad
1483 3173 1916 3240 definiendam
1942 3174 2282 3257 rationem,
2325 3193 2492 3255 quae
2533 3175 2735 3241 inter-

417 3281 593 3346 cedit
648 3279 824 3346 inter
868 3282 988 3346 has
1033 3281 1195 3346 duas
1248 3299 1301 3348 c.
1365 3281 1444 3363 V,
1511 3289 1541 3346 1
1589 3287 1815 3364 partes
1869 3286 2133 3349 tentata
2189 3288 2370 3366 sunt,
2433 3283 2735 3364 quoniam

415 3385 845 3455 difficultates
890 3388 1055 3455 satis
1093 3408 1396 3472 magnaS,
1458 3409 1625 3470 quae
1667 3392 2015 3476 conjuncta
2071 3397 2346 3472 utraque
2390 3397 2581 3473 parte
2625 3410 2732 3457 ex-

413 3498 692 3578 sistunt,
749 3497 926 3562 nullo
985 3495 1169 3562 modo
1214 3496 1505 3580 solvunt,
1564 3498 1673 3581 iis,
1737 3518 1904 3579 quae
1948 3500 2031 3565 de
2076 3500 2182 3565 ell.
2228 3498 2307 3582 V,
2371 3505 2426 3583 1,
2476 3503 2731 3566 1—70.

412 3613 472 3674 2.
515 3611 577 3672 4.
621 3611 686 3671 6.
743 3611 802 3671 9.
856 3610 942 3670 10
972 3605 1136 3670 satis
1177 3605 1459 3671 dilucide
1501 3607 1831 3690 evicimuS,
1872 3627 1987 3690 pro
2031 3608 2457 3674 fundamento
2503 3606 2731 3690 positis

410 3733 644 3784 novam
705 3712 1075 3795 explicandi
1135 3712 1308 3779 viam
1361 3713 1620 3798 ingredi
1688 3715 2078 3782 conabimur.
2183 3716 2499 3798 Quoniam
2560 3717 2729 3782 enim

412 3824 685 3907 primum
720 3840 828 3893 vv,
856 3820 937 3903 V,
973 3828 1026 3905 1,
1062 3827 1092 3887 1
1114 3828 1298 3889 -70
1343 3823 1727 3890 concinnum
1750 3842 2029 3907 carmen,
2055 3826 2224 3904 quod
2242 3829 2317 3890 ut
2336 3825 2728 3907 prooemium

407 3934 514 3999 ell.
577 3937 636 3998 2.
689 3935 750 3996 4.
798 3937 854 3998 6.
915 3936 973 3997 9.
1029 3936 1106 3997 10
1167 3949 1351 3997 suum
1412 3932 1633 3998 orbem
1698 3931 1991 3999 efficiens
2047 3933 2200 4013 quid
2249 3917 2370 4000 sibi
2428 3933 2593 4000 velit
2652 3939 2731 4000 ut

405 4040 820 4123 intelligatur
893 4040 1108 4106 altera
1179 4045 1372 4122 parte
1449 4039 1520 4124 V,
1590 4045 1733 4125 1,71
1752 4048 1973 4109 -150
2040 4061 2446 4124 nequaquam
2509 4047 2726 4127 egeat,

410 4148 715 4214 exhibere
762 4151 831 4212 et
873 4166 990 4228 per
1027 4165 1099 4225 se
1145 4152 1334 4229 patet
1373 4151 1442 4214 et
1481 4147 1635 4214 inde
1680 4146 1902 4233 colligi
1944 4153 2192 4232 potest,
2236 4150 2405 4230 quod
2448 4149 2729 4216 alterius

408 4257 597 4323 huius
652 4255 860 4337 partis
917 4255 1102 4322 nulla
1173 4255 1429 4322 ratione
1493 4256 1723 4322 habita
1789 4259 1953 4324 haec
2012 4257 2302 4325 carmina
2370 4259 2727 4341 explanare

191 4114 228 4163 5

617 4488 668 4554 l)
697 4487 752 4540 in
791 4487 1060 4560 disputat:
1099 4488 1161 4543 de
1198 4489 1324 4542 Hor.
1365 4506 1408 4546 c.
1447 4491 1472 4542 1
1511 4491 1639 4560 Lpz.
1682 4491 1827 4544 1845.
1863 4508 1983 4562 pag.
2021 4491 2103 4544 27.
