3142 4984
1285 422 1705 508 ...35.-

340 611 727 694 digressum,
801 612 941 679 veri
991 614 1186 695 plane
1261 614 1388 680 erit
1457 612 1799 695 dissimile,
1888 612 1943 678 si
2011 611 2652 693 consideraverimuS,

340 719 631 786 fabulam
677 721 879 804 illam,
930 740 1096 802 quae
1141 722 1227 787 ad
1255 722 1578 804 Tarpeiae
1609 721 2033 804 proditionem
2070 720 2475 787 referendum
2515 739 2657 807 esse

337 829 576 896 montis
621 848 975 911 cognomen
1021 831 1248 914 docet,
1311 850 1455 897 esse
1507 831 1847 914 vulgatam
1898 834 1969 895 et
2022 831 2106 895 ab
2166 829 2456 896 omnibus
2491 829 2653 895 «fere

337 937 761 1018 scriptoribus
814 939 1145 1004 traditam.
1256 939 1427 1005 Illud
1503 957 1658 1005 vero
1721 957 1805 1004 ne
1868 937 2277 1021 Propertium
2348 939 2655 1004 obscuras

341 1045 561 1126 potius
603 1045 860 1112 fabulas
917 1065 1060 1113 esse
1103 1053 1396 1114 secutum
1455 1052 1572 1113 aut
1616 1039 2045 1132 neglegenter
2088 1047 2347 1116 diversa
2389 1048 2653 1130 permis-

339 1153 568 1235 cuisse,
603 1172 796 1233 quam
821 1172 900 1219 ea
926 1154 1166 1220 dixisse
1189 1144 1546 1237 credamuS,
1587 1174 1754 1234 quae
1776 1174 1883 1221 res
1906 1157 2288 1237 postularet,
2313 1156 2655 1222 admodum

336 1277 484 1326 esse
529 1262 887 1328 cavendum
933 1262 1262 1343 Hauptius
1305 1263 1574 1348 (opuscl.
1622 1262 1744 1348 II.)
1787 1262 2149 1328 rectissime
2192 1267 2453 1330 monet.»

543 1369 762 1449 Atque
824 1370 926 1435 his
982 1370 1382 1452 potissimum
1444 1370 1524 1435 de
1581 1371 1793 1436 causis
1850 1389 1994 1436 cum
2037 1371 2471 1454 Hertzbergio
2525 1390 2650 1437 non

337 1477 428 1542 sit
455 1477 958 1559 assentiendum,
1007 1478 1116 1558 qui
1143 1497 1184 1543 a
1217 1477 1514 1560 Tarpeio,
1560 1482 1769 1562 patre,
1806 1478 2214 1570 Propertium
2260 1479 2657 1563 cognominis

339 1585 654 1668 originem
693 1590 1030 1666 repertere
1073 1587 1355 1653 voluisse
1400 1586 1580 1668 dicit,
1628 1605 1711 1652 ne
1755 1605 1898 1652 cum
1932 1587 2351 1655 Lachmanno
2397 1588 2652 1668 quidem

340 1693 615 1774 aliisque
661 1694 912 1775 spurios
957 1712 1100 1759 esse
1145 1695 1263 1759 hos
1303 1712 1534 1761 versus
1574 1698 1645 1758 et
1688 1714 1729 1760 a
1772 1694 2037 1761 librario
2082 1696 2359 1775 quodam
2398 1696 2655 1763 additos

338 1801 811 1884 contenderim,
874 1802 1024 1882 quia
1076 1803 1200 1868 hac
1265 1803 1558 1867 clausula
1604 1820 1865 1868 carmen
1925 1821 2151 1893 carere
2214 1805 2411 1869 mullo
2468 1805 2653 1870 modo

337 1913 573 1991 potest.
660 1909 925 1976 Etenim
985 1928 1128 1976 cum
1192 1914 1260 1975 et
1313 1909 1558 1974 nemori
1613 1913 1682 1974 et
1738 1912 2030 1992 sepulcro
2088 1929 2442 1994 cognomen
2492 1912 2655 1978 illud

339 2035 482 2084 esse
545 2018 770 2083 statim
832 2037 893 2086 v.
931 2024 989 2084 Ι1
1055 2018 1380 2084 indicetur
1449 2023 1649 2110 atque
1709 2019 1889 2103 origo
1946 2020 2085 2117 eius
2154 2022 2412 2104 fabula,
2489 2040 2653 2101 quae

339 2126 666 2207 sequitur,
730 2127 1092 2208 explicetur
1111 2177 1128 2210 ,
1185 2145 1738 2208 supervacaneum
1798 2133 1932 2211 est,
2004 2130 2155 2194 hinc
2208 2131 2489 2196 traxisse
2538 2130 2655 2196 illa

337 2253 570 2301 nomen
609 2239 950 2317 repetere3
1007 2235 1121 2301 sed
1167 2239 1450 2301 montem
1493 2236 1646 2302 hinc
1687 2237 1969 2303 traxisse
2014 2257 2368 2322 cognomen
2412 2238 2653 2304 addere

337 2347 775 2413 necessarium
827 2351 960 2429 est,
1024 2346 1175 2426 quia
1228 2347 1418 2416 huius
1480 2347 1717 2412 montis
1780 2365 2135 2430 cognomen
2196 2347 2651 2430 „Tarpeium“,

338 2456 639 2536 quoniam
684 2475 880 2537 supra
921 2456 1202 2521 nondum
1240 2459 1343 2520 est
1386 2455 1764 2538 indicatum,
1808 2455 1922 2522 sed
1966 2455 2210 2537 eadem,
2258 2474 2387 2536 qua
2430 2474 2655 2538 nemus

339 2569 409 2628 et
473 2564 838 2646 sepulcrum
907 2563 1132 2629 fabula
1197 2567 1301 2629 est
1357 2564 1837 2647 explicandum,
1915 2565 2041 2630 nisi
2113 2563 2307 2647 „hinc
2372 2565 2652 2630 traxisse

336 2677 612 2738 nomen“
657 2672 954 2754 additur,
1010 2671 1265 2738 omnino
1325 2691 1452 2738 non
1510 2672 1895 2754 explicatur.
1988 2672 2133 2755 Qua
2182 2678 2450 2755 propter
2508 2691 2654 2738 cum

337 2786 674 2864 appareat,
706 2781 1052 2847 distichum
1088 2785 1445 2846 extremum
1481 2781 1579 2846 ita
1613 2799 1757 2847 esse
1788 2781 2275 2864 emendandum,
2306 2786 2381 2848 ut
2416 2781 2653 2846 montis

339 2907 589 2969 quoque
639 2887 1038 2972 cognominis
1081 2887 1260 2969 origo
1299 2889 1383 2952 ad
1407 2887 1728 2969 Tarpeiae
1770 2887 2198 2968 proditionem
2221 2888 2568 2969 referatur,
2614 2907 2655 2952 a

336 3016 444 3065 vv.
490 2997 590 3062 dd.
641 2996 958 3062 facillima
999 2994 1361 3061 mutatione
1404 3014 1520 3076 pro
1554 2995 1833 3078 Tarpeio
1879 2997 2249 3079 „Tarpeia“
2301 2997 2449 3081 jure
2510 3013 2653 3062 esse

335 3104 690 3186 repositum
744 3104 970 3184 liquet.
1061 3104 1165 3168 El.
1226 3103 1430 3186 igitur
1487 3107 1529 3167 4
1584 3103 1641 3168 si
1679 3123 1989 3170 summam
2032 3108 2439 3186 spectamus,
2481 3104 2652 3169 unde

333 3214 620 3278 locorum
664 3211 1044 3295 cognomina
1087 3216 1234 3277 orta
1278 3211 1411 3277 sint
1455 3211 1818 3293 exponitur.

501 3323 761 3410 »Atque
806 3325 881 3386 ut
923 3320 990 3385 in
1034 3321 1154 3386 hoc
1174 3370 1191 3403 ,
1252 3320 1420 3400 quod
1465 3321 1650 3386 modo
1707 3318 2135 3387 tractavimus
2188 3319 2501 3400 carmine,
2553 3320 2651 3384 ita
2744 3348 2751 3354 ·

335 3429 538 3495 etiam
593 3429 662 3495 in
719 3436 756 3496 9
833 3427 1252 3510 complurium
1326 3447 1540 3494 rerum
1630 3445 1862 3494 causas
1929 3429 2348 3510 amplectitur
2430 3431 2648 3509 poeta.

332 3537 620 3604 Primum
682 3537 850 3603 enim
907 3555 1012 3604 vv.
1073 3543 1106 3603 1
1130 3575 1206 3585 --
1229 3543 1309 3603 20
1365 3536 1492 3603 fori
1547 3537 1770 3602 Boarii
1825 3536 2138 3620 originem
2160 3587 2175 3618 ,
2251 3536 2485 3602 deinde
2543 3555 2649 3604 vv.
2741 3620 2744 3624 Ι

335 3633 591 3714 21-27
611 3665 767 3712 arae
811 3647 1128 3712 maximae
1164 3645 1477 3730 originem
1519 3645 1913 3728 cultumque,
1958 3645 2235 3726 denique
2256 3663 2359 3710 vv.
2398 3647 2652 3709 '71--74

331 3755 597 3837 Sancti,
661 3754 965 3820 Herculis
1009 3754 1407 3837 cognominis
1461 3772 1725 3819 causam
1784 3752 2086 3834 explicat.
2140 3752 2385 3820 ,Huius
2447 3751 2651 3835 igitur

333 3863 640 3930 carminis
682 3867 1138 3946 argumentum
1193 3862 1278 3928 ad
1337 3881 1667 3928 sacrorum
1724 3865 1793 3927 et
1836 3861 2284 3945 cognominum
2330 3861 2648 3942 interpre-

334 3972 656 4038 tationem
698 3957 972 4053 spectat.
1023 3951 1046 4006 3
1289 3955 1292 3958 ’
1699 4041 1707 4060 ι

541 4079 788 4146 Eodem
826 4097 1015 4163 porro
1061 4077 1326 4144 consilio
1378 4077 1738 4158 composita
1784 4079 1862 4143 el.
1920 4085 2029 4159 10,
2094 4077 2327 4159 quippe
2370 4094 2498 4157 qua
2535 4095 2650 4142 cur

329 4188 641 4271 Juppiter
702 4187 1128 4271 „Feretrius“
1189 4187 1278 4252 sit
1332 4186 1735 4269 appellatuS,
1812 4190 2191 4266 exponatur.
2294 4185 2649 4265 Postquam

333 4298 506 4363 enim
549 4297 756 4379 spolia
798 4296 915 4361 illa
955 4295 1199 4377 opima,
1247 4313 1412 4374 quae
1455 4295 1767 4360 Romulus
1813 4299 1883 4360 et
1930 4294 2165 4363 Cossus
2224 4299 2292 4360 et
2338 4293 2647 4360 Claudius

321 4409 853 4489 reportaverant,
869 4404 938 4470 in
951 4403 999 4469 J
1000 4403 1140 4471 ovis
1161 4404 1471 4490 templum
1486 4403 1619 4469 sint
1635 4403 1922 4487 condita,
1944 4403 1991 4469 J
1992 4422 2175 4471 ovem
2192 4401 2647 4487 „Feretrium“

333 4533 478 4581 esse
517 4513 934 4595 appellatum,
981 4510 1133 4591 quia
1177 4512 1374 4578 duces
1418 4511 1720 4596 Romani,
1766 4512 1939 4580 votis
1983 4512 2322 4596 susceptiS‚
2366 4511 2645 4578 hostium
