3142 4984
1155 481 1677 563 ‚-‘73-

249 730 255 738 ‚
310 648 566 716 venilia
590 648 639 735 1)
680 648 849 728 quod
883 647 1133 729 placuit
1174 665 1277 713 vv.
1320 647 1419 712 dd.
1464 647 1533 712 in
1580 649 1700 713 hoc
1745 651 2034 713 extremo
2079 647 2434 729 elegiarum
2471 645 2626 710 Pro-

300 755 511 838 pertii
549 754 715 821 libro
758 773 887 821 non
929 755 1143 822 inesse
1187 755 1414 836 liquet.

514 864 769 931 Deinde
814 881 969 931 vero
1013 866 1176 930 haec
1219 863 1395 946 ipsa,
1462 881 1628 944 quae
1671 864 1741 928 et
1783 863 1863 929 de
1906 862 2120 944 poesis
2161 861 2627 944 Propertianae

304 971 572 1040 ratione
609 975 679 1036 et
722 971 872 1037 libri
914 972 974 1037 V
1019 971 1373 1038 carminum
1420 975 1660 1037 natura
1700 973 1898 1052 atque
1941 969 2157 1038 indole
2202 968 2626 1051 exposuimus,

304 1081 698 1147 documento
737 1085 911 1163 sunt,
959 1098 1149 1161 quam
1192 1097 1503 1162 perversa
1546 1079 1638 1145 sit
1680 1096 1901 1145 eorum
1929 1076 2278 1160 sententia,
2326 1079 2437 1158 qui
2477 1077 2631 1142 libri

310 1188 373 1254 V
401 1189 653 1272 elegias
688 1208 729 1254 a
753 1188 1094 1271 Propertio
1138 1207 1281 1255 esse
1323 1187 1792 1273 abjudicandas
1815 1190 2086 1254 censent,
2099 1188 2170 1273 2).
2238 1186 2412 1252 Illud
2457 1186 2623 1251 enim

303 1298 555 1379 ipsum,
619 1297 785 1376 quod
846 1296 1012 1362 talia
1076 1301 1332 1362 tantum
1386 1295 1758 1362 discrimina
1833 1295 2187 1361 statuenda
2255 1311 2398 1360 esse
2453 1293 2628 1359 inter

306 1410 673 1471 extremum
731 1409 802 1470 et
855 1404 1102 1486 priores
1145 1403 1357 1469 ‚libros
1415 1402 1748 1471 docuimus
1765 1453 1781 1486 ,
1861 1422 2026 1485 quae
2083 1407 2283 1468 enata
2335 1406 2488 1468 sunt
2545 1421 2627 1468 ex

306 1516 457 1596 ipsa
500 1513 711 1596 poesis
756 1517 1012 1595 natura,
1064 1511 1213 1578 libri
1256 1511 1315 1578 V
1358 1511 1607 1596 elegias
1649 1510 1990 1593 Propertio
2033 1509 2386 1594 adjudicat.

526 1748 569 1815 ¹)
606 1747 675 1803 cf.
713 1746 1125 1812 Lachmannum,
1162 1744 1565 1813 Hertzbergium
1608 1743 1642 1797 1.
1689 1742 1724 1796 1.
1773 1742 1901 1795 Luc.
1939 1741 2150 1795 Miilleri
2185 1741 2346 1810 praef.
2384 1757 2434 1810 p.
2475 1741 2629 1796 XIII.

313 1837 399 1891 W,
438 1836 489 1890 S.
536 1837 771 1891 Teuffel:
807 1841 933 1890 rom.
974 1833 1423 1904 Literaturgesch.
1471 1835 1521 1886 3.
1558 1832 1698 1888 Aufl.
1739 1831 1886 1886 1875.
1923 1833 1955 1898 ξ
1992 1831 2108 1894 426,
2145 1847 2196 1883 n.
2232 1831 2292 1882 3:
2347 1830 2630 1898 „Zugleich

316 1925 528 1981 enthfflt
568 1942 623 1979 es
674 1927 767 1988 (sc.
806 1926 866 1980 Β.
905 1927 989 1994 V.)
1025 1925 1170 1979 wohl
1199 1922 1539 1992 jugendliche
1589 1919 1852 1975 Vei-suche
1901 1935 1996 1973 aus
2033 1919 2149 1972 dem
2193 1917 2489 1972 Nachlasse
2537 1919 2628 1972 des

315 2015 615 2069 Dichters.“

524 2107 565 2176 ²)
604 2106 670 2161 cf.
708 2104 938 2170 Oarntti,
974 2103 1272 2159 Heimreich
1307 2104 1343 2160 l.
1378 2103 1416 2160 L
