3142 4984
1487 480 1907 542 -32..

739 644 910 710 Hinc
955 646 1443 728 progrediamur
1489 646 1574 710 ad
1620 639 1725 712 ell.
1768 648 1849 730 V,
1898 653 1933 712 3
1983 653 2051 713 et
2106 654 2213 730 11,
2261 665 2427 728 quae
2464 664 2848 727 quamquam

537 770 664 818 non
710 773 790 818 ex
831 758 1068 835 poetae
1126 753 1328 834 ipsius
1387 770 1607 821 amore
1659 759 1812 820 sunt
1856 755 2131 837 effusae,
2196 762 2417 821 tamen
2462 758 2849 838 argumenta

537 860 874 943 exhibent,
951 879 1217 942 quorum
1289 861 1524 926 similia
1580 862 2039 941 quodammodo
2105 862 2173 928 in
2227 862 2523 954 priorbus
2581 863 2849 927 exstant

536 967 736 1032 libris,
826 969 930 1035 El.
992 969 1161 1035 enim
1213 975 1248 1034 3
1309 969 1691 1051 Propertius
1746 970 1919 1036 fictis
1972 971 2333 1036 nominibus
2380 970 2719 1052 epistolam
2764 968 2848 1034 ad

537 1075 858 1158 Lycotam
913 1078 1227 1144 adversus
1266 1077 1548 1143 Parthos
1606 1077 1931 1160 stipendia
1988 1084 2342 1144 merentem
2400 1077 2849 1143 intercedente

537 1182 820 1250 fortasse
844 1185 1213 1251 Arethusae
1257 1205 1456 1251 uxore
1503 1186 1609 1252 vel
1646 1186 2025 1251 tristissima
2071 1186 2210 1268 ipse
2253 1185 2429 1252 illius
2474 1182 2849 1250 condicione

539 1297 894 1358 commotus
938 1293 1146 1376 misit,
1207 1300 1281 1358 ut
1321 1293 1420 1358 illi
1463 1294 1682 1358 uxoris
1732 1299 1802 1360 et
1843 1295 2189 1360 memoriae
2236 1298 2305 1360 et
2348 1292 2585 1359 amoris
2630 1296 2699 1356 et
2742 1291 2850 1355 de-

543 1399 765 1465 'siderii
801 1407 977 1468 esset
1014 1402 1480 1468 documentum.
1551 1402 1654 1466 El.
1700 1407 1918 1468 autem
1946 1410 2023 1469 11
2056 1403 2137 1469 L.
2178 1402 2523 1468 Aemilium
2558 1398 2849 1480 Paulum,

540 1507 748 1574 virum
806 1510 1106 1592 Augusto
1183 1510 1734 1594 probatissimum,
1813 1512 1893 1578 de
1957 1519 2163 1578 morte
2220 1511 2561 1576 Corneliae
2634 1507 2853 1574 uxoris

542 1618 932 1683 consolatur.
991 1619 1212 1698 Atque
1243 1620 1322 1684 el.
1359 1625 1394 1682 3
1435 1619 1827 1685 simillimum
1862 1625 1964 1685 est
1984 1639 2036 1686 c.
2060 1620 2176 1702 IV,
2216 1625 2315 1702 11,
2350 1637 2472 1698 quo
2512 1617 2853 1683 Postumus

543 1725 816 1808 amicuS,
891 1726 999 1807 qui
1049 1727 1273 1792 itidem
1328 1746 1526 1793 uxore
1583 1728 1817 1794 relicta
1876 1729 2192 1795 adversus
2246 1729 2467 1793 hostes
2528 1725 2855 1807 stipendia

543 1835 868 1916 merebat,
940 1834 1174 1901 Gallae
1230 1836 1448 1902 uxoris
1510 1856 1728 1903 amore
1786 1842 1855 1903 et
1910 1839 2039 1903 fide
2093 1837 2413 1920 laudatiS‚
2489 1839 2564 1901 ut
2623 1835 2854 1900 redeat

540 1941 923 2008 admonetur
967 1963 1008 2009 a
1052 1949 1264 2026 poeta.
1353 1945 1434 2010 In
1473 1947 1707 2012 eodem.
1742 1951 1991 2028 autem,
2040 1965 2163 2028 quo
2208 1947 2431 2028 elil,
2468 1946 2853 2027 argumento

544 2056 892 2117 versantur
937 2052 1015 2116 el.
1058 2052 1174 2135 IV,
1221 2059 1280 2136 6,
1319 2071 1446 2132 qua
1473 2053 1665 2119 Paeti
1707 2054 1900 2120 amici
1944 2060 2226 2120 mortem
2260 2053 2559 2135 deplorat
2586 2051 2854 2133 Proper-

543 2158 676 2223 tius
713 2164 782 2223 et
830 2159 892 2223 el
937 2158 1052 2241 IV,
1104 2166 1202 2242 17,
1248 2179 1374 2240 qua
1423 2161 1512 2228 M.
1561 2160 1817 2244 Claidii,
1863 2162 2144 2244 Augusti
2190 2180 2270 2226 ex
2310 2159 2591 2225 Octavia
2636 2175 2852 2223 sorore

547 2267 802 2348 nepotis
841 2273 1324 2348 praematuram
1383 2274 1652 2335 mortem
1698 2269 1915 2336 deflet.
1962 2272 1967 2280 ⁴
2003 2271 2221 2350 Atque
2266 2269 2321 2334 si
2362 2269 2532 2333 hauc
2572 2264 2851 2346 elegiam

545 2377 706 2461 (17),
742 2380 816 2441 ut
861 2375 1161 2442 Caesaris
1202 2377 1495 2444 animum‘
1529 2377 1653 2443 sibi
1712 2377 2123 2460 conciliaret,
2184 2397 2224 2442 a
2263 2380 2461 2458 poeta
2503 2393 2647 2441 esse
2689 2391 2855 2439 com-

544 2481 824 2562 positam
845 2483 1136 2559 diximus,
1177 2487 1396 2552 nescio
1437 2505 1522 2550 an
1563 2487 1733 2551 idem
1765 2487 1845 2552 de
1883 2487 1944 2552 el
1982 2487 2061 2570 V,
2098 2492 2167 2551 11
2204 2483 2518 2567 suspicari
2540 2481 2856 2564 possimus

553 2608 744 2669 quam
771 2591 828 2656 si
856 2611 983 2657 non
1003 2593 1288 2675 Augusti
1309 2593 1532 2676 ἱρείης,
1582 2611 1769 2673 quem
1799 2598 2021 2659 tamen
2062 2592 2426 2674 respexisse
2446 2589 2857 2671 Propert1um

545 2698 687 2764 veri
747 2698 1139 2764 simillimum
1198 2699 1354 2765 mihi
1392 2718 1552 2788 >esse
1609 2701 1902 2783 videtur,
1965 2707 2038 2766 at
2098 2704 2281 2765 certe
2324 2695 2588 2764 Aemilii
2640 2693 2859 2760 Paulli

548 2807 768 2890 gratia
785 2858 801 2890 ‚
875 2809 1003 2875 viri
1075 2828 1360 2875 summae
1432 2811 1607 2891 apud.
1656 2810 2023 2893 Augustum
2075 2805 2494 2874 auctoritatis
2547 2803 2858 2884 scriptam

549 2935 692 2983 esse
735 2921 1028 2998 apparet.
1119 2917 1304 2983 Haec
1345 2936 1499 2984 vero
1544 2917 1688 2999 ipsa
1730 2918 1881 2983 libri
1923 2917 2014 2982 IV
2064 2917 2371 2994 carmina,
2418 2914 2718 2994 quoniam
2760 2929 2856 2992 ee,

549 3025 719 3104 quod
760 3029 1056 3090 tractant
1099 3031 1488 3108 argumenta
1529 3026 1709 3091 nullo
1768 3025 2079 3092 interiore
2123 3024 2381 3091 vinculo
2441 3041 2586 3087 cum
2624 3023 2859 3102 poetae

547 3132 750 3214 ipsius
785 3134 1108 3198 amoribus
1153 3133 1545 3216 consociata,
1591 3135 2053 3214 quodammodo
2098 3152 2241 3200 esse
2262 3115 2479 3198 aliena
2522 3131 2605 3196 ab
2630 3127 2860 3211 elegiis

548 3260 704 3307 vere
743 3242 1222 3328 Propertianis,
1281 3261 1443 3323 quas
1504 3243 1811 3326 diximUS,
1872 3241 2482 3321 demonstravimus,
2540 3238 2606 3303 id
2648 3237 2858 3318 ipsum

549 3347 618 3414 in
664 3349 770 3414 ell.
818 3349 898 3430 V,
946 3355 982 3415 3
1033 3353 1102 3414 et
1149 3355 1224 3416 11
1271 3352 1506 3416 cadere
1547 3349 1772 3430 liquet.

751 3457 1038 3522 Restant
1091 3458 1192 3522 ell.
1254 3457 1332 3536 V,
1397 3463 1453 3525 1.
1518 3465 1576 3524 2.
1636 3461 1695 3523 4.
1757 3463 1813 3523 6.
1878 3462 1935 3522 9.
1996 3461 2107 3537 10,
2171 3471 2331 3533 quas
2374 3452 2429 3517 si
2472 3450 2861 3532 argumenta

551 3567 952 3643 spectamus,
1013 3565 1364 3630 carminum
1424 3564 1730 3630 exhibere
1784 3581 1989 3647 genus
2048 3578 2191 3627 cum
2250 3561 2333 3625 ab
2390 3557 2579 3624 huius
2637 3560 2775 3620 tum
2820 3571 2861 3617 a

549 3673 831 3756 priorum
873 3673 1179 3740 librorum
1204 3673 1432 3757 elegiis
1457 3675 1653 3755 plane
1682 3673 2008 3738 diversum
2026 3671 2161 3754 jam
2198 3687 2393 3751 supra
2418 3663 2860 3732 indicavimus,

552 3784 630 3849 In
687 3783 1055 3849 tractandis
1110 3801 1266 3848 vero
1323 3781 1424 3847 his
1475 3781 1624 3847 libri
1678 3779 1739 3845 V
1790 3777 2182 3845 carminibus
2232 3776 2330 3841 ita
2388 3773 2727 3852 versabor,
2788 3774 2864 3833 ut

553 3893 860 3974 deinceps
904 3891 1225 3973 disputem
1271 3891 1352 3955 de
1395 3891 1499 3955 ell.
1552 3895 1653 3973 1,1
1685 3927 1748 3935 *-
1774 3893 1875 3970 70,
1922 3893 1981 3954 2.
2024 3891 2083 3951 4.
2129 3892 2188 3952 9.
2241 3890 2317 3950 10
2364 3881 2639 3960 denique
2674 3879 2755 3943 de
2801 3883 2861 3942 6.

553 4001 828 4066 alterius
873 4001 951 4065 el.
1006 4005 1036 4064 1
1083 3999 1292 4081 partis
1353 4006 1484 4078 (vv.
1529 4003 1605 4062 71
1634 4035 1706 4044 -
1740 3996 1892 4082 150)
1933 3994 2115 4060 nulla
2159 3991 2387 4058 habita
2428 3987 2721 4068 ratione,
2784 3986 2865 4050 de

555 4128 684 4191 qua
723 4109 874 4189 quid
913 4107 1196 4192 judicem
1241 4106 1371 4175 alio
1409 4123 1613 4186 eoque
1658 4103 2083 4171 commodiore
2126 4101 2267 4166 loco
2312 4115 2647 4180 exponam.

756 4218 974 4296 Atque
1034 4216 1101 4281 in
1158 4235 1211 4281 c.
1266 4215 1346 4299 V,
1408 4223 1438 4281 1
1485 4218 1701 4297 poeta,
1742 4216 2083 4295 postquam
2141 4229 2249 4276 vv.
2299 4214 2329 4272 1
2364 4210 2539 4271 -56
2592 4204 2866 4269 Romam

555 4345 597 4392 a
643 4324 864 4406 parvis
909 4323 1115 4390 initiis
1171 4325 1590 4402 modestaque
1633 4319 2053 4402 simplicitate
2108 4318 2194 4384 ad
2234 4317 2566 4400 ingentem
2618 4308 2865 4392 magni-

558 4435 848 4500 tudinem
894 4451 1332 4513 summamque
1376 4428 1928 4514 magnificentiam
1986 4427 2119 4494 suis
2176 4425 2381 4509 ipsius
2431 4421 2676 4489 viribus
2720 4437 2865 4499 per-

560 4542 818 4614 venisse
850 4541 1166 4623 exposuit,
1212 4560 1355 4608 cum
1376 4558 1450 4606 eo
1473 4539 1633 4621 ipso,
1671 4537 1840 4618 quod
1878 4537 2018 4602 sola
2041 4554 2159 4625 sua
2182 4534 2434 4602 virtute
2454 4533 2866 4613 praesentem
