3142 4984
1230 459 1655 522 ...37-

285 629 407 693 sub
458 628 652 694 finem
696 649 755 693 a.
801 633 924 694 '738
971 627 1359 711 Sycambros
1428 629 1757 697 obsidibus
1820 627 1995 693 datis
2057 644 2284 709 pacem
2332 621 2605 708 petiisse

281 742 594 802 constare
640 737 892 803 doceat.
981 739 1200 816 Atque
1246 737 1358 803 illo
1395 736 1889 804 vaticinationis
1930 735 2241 818 artifici0,
2286 753 2409 816 quo
2451 751 2605 801 usus

283 849 393 910 est
430 845 744 911 Barthius
785 846 870 910 ad
927 845 1381 912 difficultatem
1427 837 1885 911 removendam
1926 844 2089 910 nihil
2148 844 2320 910 effici
2372 862 2490 926 per
2534 862 2605 910 se

281 958 503 1036 patet,
567 953 683 1018 sed
733 972 816 1019 ne
875 953 1295 1037 Hertzbergii
1348 954 1605 1020 ratione
1650 953 1907 1019 tollitur
1954 952 2099 1038 illa,
2165 950 2467 1033 quoniam
2525 972 2607 1019 ex

282 1061 519 1130 Dionis
559 1061 673 1126 illo
730 1062 870 1126 loco
919 1058 1119 1144 (LIV,
1171 1063 1279 1148 19)
1337 1060 1712 1128 accuratius
1774 1078 2044 1126 excusso
2100 1060 2374 1141 primum
2420 1062 2607 1128 ludos

282 1170 436 1235 iilos
494 1169 1038 1252 quinquennales,
1114 1188 1504 1250 quamquam
1569 1169 1709 1250 ipso
1770 1188 1828 1234 a.
1894 1174 2017 1233 '738
2078 1167 2206 1234 fine
2268 1169 2607 1252 Sycambri

286 1283 445 1343 sunt
489 1277 796 1361 subjecti,
857 1282 1078 1342 tamen
1128 1278 1322 1358 paulo
1372 1281 1571 1342 antea
1613 1295 1758 1342 esse
1798 1275 2058 1342 habitos
2100 1277 2313 1358 sequi,
2374 1277 2609 1345 deinde

288 1402 552 1449 carmen
609 1383 666 1448 si
723 1384 977 1450 omnino
1037 1385 1123 1449 ad
1181 1384 1367 1449 ludos
1425 1385 1533 1450 vel
1592 1383 2015 1454 celebrandos
2071 1385 2177 1451 vel
2232 1383 2611 1450 indicendos

287 1492 716 1574 compositum
739 1493 845 1574 sit,
895 1497 1075 1558 certe
1101 1511 1230 1558 non
1249 1492 1444 1573 paulo
1485 1496 1644 1557 ante
1686 1491 1861 1573 ipsos
1884 1509 2012 1556 non
2034 1509 2222 1572 posse
2242 1491 2611 1558 confectum

290 1617 436 1665 esse
490 1597 910 1684 Luetjohann
969 1600 1374 1665 demonstrat
1437 1599 1504 1682 (l.
1538 1598 1583 1662 l.
1629 1617 1691 1678 p.
1739 1598 1871 1685 86).
1940 1597 2411 1666 Gravissimum
2453 1618 2609 1666 vero

289 1708 376 1772 ad
401 1707 661 1772 Barthii
706 1711 775 1772 et
813 1706 1236 1790 Hertzbergii
1278 1705 1673 1772 sententiam
1692 1705 2113 1789 rejiciendam
2155 1714 2610 1790 argumentum

295 1833 440 1880 esse
493 1814 650 1880 mihi
693 1815 955 1882 videtur
1010 1815 1204 1896 illud,
1264 1815 1432 1894 quod
1485 1814 1781 1878 ludorum
1842 1817 1983 1880 toto
2035 1814 2321 1880 carmine
2369 1815 2612 1882 mentio

297 1921 375 1986 fit
431 1920 647 2004 nulla,
699 1922 828 1988 nisi
871 1921 1044 1988 forte
1103 1940 1209 1988 vv.
1272 1926 1353 1987 69
1400 1939 1572 2002 sqq.,
1631 1920 1861 2000 quibus
1916 1921 1999 1986 ad
2058 1921 2359 1988 convivia
2416 1928 2614 1988 vocat

293 2035 512 2112 poeta,
561 2030 1067 2096 celebrationem
1095 2029 1388 2096 ludorum
1435 2017 1710 2095 indicari
1729 2027 2145 2112 suspicemur,
2194 2049 2351 2110 quos
2392 2035 2611 2097 tamen

293 2139 422 2204 alio
497 2138 764 2205 consilio
820 2157 964 2204 esse
1034 2137 1433 2219 conscriptos
1494 2155 1643 2202 mox
1714 2136 2075 2219 apparebit.
2182 2138 2400 2221 Quare
2468 2157 2613 2206 cum

293 2246 631 2328 probabile
669 2247 848 2313 nullo
889 2246 1073 2334 modo
1117 2246 1256 2327 fiat,
1303 2246 1388 2310 ad
1433 2246 1859 2312 celebrandos
1888 2247 1995 2313 vel
2016 2246 2393 2314 indicendos
2428 2248 2615 2315 ludos

297 2354 810 2438 quinquennales
851 2374 911 2420 a.
961 2360 1084 2419 '738
1119 2353 1462 2418 ¹institutos
1504 2354 2110 2435 compositum-esse
2144 2374 2427 2438 carmen,
2470 2374 2613 2421 cum

299 2482 362 2529 v.
411 2471 490 2529 77
513 2463 1010 2546 Sycambrorum
1057 2463 1344 2547 ejusdem
1364 2462 1520 2528 anni
1555 2462 1683 2528 fine
1728 2463 2165 2547 subjectorum
2189 2464 2309 2530 fiat
2346 2464 2609 2548 mentiO,

294 2590 422 2637 non
479 2571 608 2638 nisi
664 2577 813 2652 post
872 2573 1369 2655 Sycambrorum
1428 2571 1825 2638 deditionem
1877 2572 1915 2640 i.
1957 2591 2012 2638 e.
2058 2573 2327 2639 ineunte
2368 2572 2507 2638 fere
2552 2592 2610 2639 a.

298 2687 419 2746 '739
481 2679 813 2745 conditum
875 2699 1016 2746 esse
1078 2697 1341 2745 carmen
1405 2678 1667 2744 videtur
1725 2684 1795 2745 et
1850 2679 2272 2762 compositum
2329 2699 2472 2746 esse
2537 2699 2613 2747 eo

295 2787 584 2869 consilio,
627 2787 795 2868 quod
835 2787 1213 2854 Lachmann
1269 2788 1312 2852 l.
1359 2788 1403 2853 l.
1449 2786 1786 2853 indicavit.

506 2917 692 3000 Quod
725 2917 1096 3000 priusquam
1135 2917 1398 2983 uberius
1427 2935 1747 2998 exponam
1781 2916 1860 2981 de
1890 2916 2367 3001 Luetjohannis
2401 2919 2613 2984 dicam

295 3027 650 3108 sententia,
700 3026 810 3106 qui
854 3028 924 3113 (l.
973 3026 1015 3092 l.
1060 3046 1162 3108 pp.
1203 3031 1286 3092 29
1335 3026 1500 3111 sqq.)
1538 3043 1798 3090 carmen
1824 3029 2115 3091 nostrum
2139 3026 2207 3091 in
2235 3027 2360 3092 duo
2390 3027 2615 3094 divisit

293 3134 607 3217 carmina,
668 3154 937 3215 quorum
980 3153 1177 3200 unum
1244 3133 1544 3200 efficiunt
1601 3152 1712 3199 vv.
1777 3138 1983 3200 1--10
2042 3139 2111 3199 et
2167 3153 2273 3202 vv.
2335 3141 2611 3219 69—86,

291 3243 576 3308 alterum
638 3261 900 3325 verSUS,
961 3243 1069 3323 qui
1125 3247 1280 3308 sunt
1336 3240 1711 3322 interpositi
1772 3247 1846 3306 11
1870 3278 1937 3291 -
1972 3247 2072 3307 68.
2162 3243 2378 3323 Atque
2435 3242 2613 3310 illius

292 3349 606 3416 carminis
649 3356 1101 3433 argumentum
1146 3351 1212 3416 in
1259 3369 1333 3416 eo
1377 3367 1521 3416 esse
1565 3348 1845 3430 positum
1887 3347 2251 3415 arbitratur
2292 3350 2613 3434 Luetjoh.,

290 3461 369 3523 ut
425 3464 623 3542 poeta
668 3458 916 3540 epicum
963 3459 1046 3524 de
1087 3461 1281 3524 rebus
1324 3478 1365 3524 a
1409 3457 1694 3526 Caesare
1748 3457 1956 3540 gestis
2004 3476 2163 3539 opus
2216 3457 2611 3543 inchoatum,

293 3569 467 3648 quod
507 3585 578 3632 se
627 3585 770 3632 esse
805 3567 1211 3633 conditurum
1241 3565 1630 3648 promiserat
1664 3565 1790 3646 ΙΙΙ,
1840 3573 1897 3646 1,
1938 3566 2218 3631 nondum
2244 3567 2614 3633 absolutum

292 3675 587 3760 abjiciat.
665 3675 785 3740 Cui
828 3676 980 3755 quid
1013 3675 1103 3741 sit
1142 3675 1658 3758 respondendum
1697 3694 1780 3740 ex
1820 3673 1920 3757 iis,
1965 3693 2129 3754 quae
2175 3675 2254 3740 de
2301 3694 2354 3741 c.
2401 3676 2526 3760 ΙΙΙ,
2578 3683 2609 3742 1

268 3803 495 3866 ‚supra
536 3784 688 3866 dixi,
736 3789 944 3865 patet.
1019 3784 1192 3849 Illud
1239 3783 1408 3849 enim
1437 3783 1664 3865 ipsum,
1703 3783 1871 3863 quod
1917 3783 2000 3849 el.
2044 3782 2171 3866 ΙΙΙ,
2212 3791 2266 3867 1,
2314 3802 2504 3864 quam
2537 3804 2612 3851 eo

292 3898 590 3975 tempore
631 3892 962 3958 conditam
1007 3911 1168 3976 esse,
1216 3912 1338 3972 quo
1387 3893 1452 3959 in
1498 3897 1882 3974 perpetuum
1908 3891 2243 3959 abdicavit
2266 3893 2614 3975 Cynthiam

231 3999 238 4006 '
296 4006 497 4084 poeta
541 4001 582 4066 i.
630 4020 684 4067 e.
731 4005 880 4083 post
926 4019 1146 4066 omnes
1189 4001 1472 4083 priorum
1509 4001 1815 4067 librorum
1857 4001 2104 4084 elegias
2145 4001 2613 4072 demonstravi·

293 4127 459 4193 mus,
501 4109 754 4175 inserta
799 4097 902 4174 est
944 4129 986 4175 a
1031 4115 1226 4190 poeta
1269 4113 1548 4190 quatuor
1592 4109 1723 4175 illis
1767 4109 1967 4191 libris,
2029 4127 2187 4189 quos
2228 4110 2435 4191 ipsum
2480 4111 2611 4177 edi-

294 4219 470 4284 disse
507 4218 685 4284 satis
708 4221 970 4283 constat
995 4221 1056 4299 ¹),
1104 4217 1486 4284 documento
1519 4223 1642 4301 est,
1678 4217 2012 4310 consilium
2042 4219 2181 4300 hoc,
2231 4218 2399 4297 quod
2438 4221 2612 4301 cepit

506 4453 546 4519 ¹)
584 4449 650 4504 cf.
697 4449 911 4504 Lachm.
963 4449 1042 4503 ed.
1096 4466 1173 4520 pr.
1223 4450 1384 4520 praef.
1423 4467 1510 4521 pp.
1559 4451 1751 4506 XXIII
1804 4468 1947 4521 sqq.;
2004 4451 2263 4506 Eschenb.
2312 4451 2404 4508 lib.
2462 4456 2613 4512 misc.

292 4541 356 4594 B.
392 4556 480 4611 pp.
519 4537 588 4592 83
624 4555 737 4608 sqq.
833 4569 856 4584 κ
1273 4567 1283 4576 -
2248 4629 2281 4680 3
