3142 4984
1293 439 1719 501 -63-...

344 607 409 671 111
473 611 627 686 quot
689 622 1007 685 quamque
1059 605 1278 670 varias
1337 605 1581 688 figuras
1622 607 1795 673 verti
1850 605 2093 690 possit,
2155 610 2525 688 enumerat,
2585 607 2654 670 et

341 733 445 782 vv.
487 718 591 779 47.
638 715 720 778 48
765 714 889 778 hac
932 712 1076 793 ipsa
1119 713 1199 779 de
1238 732 1454 796 causa,
1501 717 1667 795 quod
1712 715 1779 780 in
1806 734 2026 782 omnes
2070 734 2139 782 se
2165 720 2424 782 vertere
2446 712 2653 796 possit

338 823 612 904 formaS,
687 820 1110 887 Vertumnum
1191 840 1260 887 se
1335 840 1478 888 esse
1545 825 1985 907 appellatum,
2073 823 2505 907 perorationis
2583 823 2651 890 in

341 928 591 995 modum
627 926 831 994 addit.

541 1036 689 1102 Hoc
748 1035 932 1100 modo
995 1053 1378 1116 quamquam
1422 1037 1697 1102 nominis
1752 1037 2295 1120 interpretatione
2352 1037 2654 1102 absoluta

342 1163 602 1210 carmen
655 1143 989 1224 aptissime
1037 1143 1331 1209 concludi
1384 1144 1629 1227 potuit,
1690 1150 1886 1227 poeta
1927 1146 2013 1211 ad
2074 1143 2378 1210 carminis
2420 1143 2653 1208 intium

340 1251 714 1334 respicienS,
762 1269 884 1330 quo
922 1249 1027 1315 dei
1071 1249 1270 1315 Tusci
1309 1250 1484 1316 inter
1529 1253 1777 1332 proelia
1820 1253 2089 1318 Romam
2125 1250 2657 1334 transmigrantis

340 1363 596 1445 signum
638 1361 706 1426 in
749 1360 891 1425 loco
936 1358 1075 1423 foro
1116 1358 1405 1425 Romano
1451 1360 1665 1426 vicino
1711 1379 1853 1426 esse
1894 1347 2280 1426 collocatum
2314 1358 2652 1440 indicavit,

341 1489 446 1538 vv.
495 1471 753 1535 49-54
797 1486 913 1533 cur
955 1466 1067 1532 ille
1115 1466 1293 1532 locus
1343 1467 1564 1550 „vicus
1597 1469 1885 1536 Tuscus“
1936 1469 2023 1534 sit
2050 1468 2423 1549 appellatus
2466 1467 2656 1532 deum

345 1578 726 1644 afferentem
769 1575 1083 1655 simulque
1113 1593 1235 1656 quo
1264 1581 1553 1657 tempore
1598 1581 1667 1642 et
1712 1596 1839 1658 qua
1862 1577 2198 1643 occasione
2222 1575 2359 1656 ipse
2385 1574 2654 1640 Romam

342 1673 632 1766 venerit,
697 1683 1067 1749 accuratius
1122 1683 1536 1751 definientem
1596 1685 1778 1752 facit.
1892 1684 2190 1766 Denique
2248 1702 2349 1751 vv.
2415 1688 2516 1752 56.
2575 1688 2655 1750 57

343 1813 488 1860 cum
550 1811 665 1874 pro
721 1789 973 1875 gratia,
1033 1809 1225 1871 quam
1292 1792 1568 1858 Romani
1621 1795 2039 1876 popularibus
2098 1793 2232 1860 suis
2289 1811 2397 1875 eo,
2459 1809 2650 1872 quam

259 1972 264 1976 ,
342 1921 448 1970 vv.
494 1906 596 1967 40.
639 1907 722 1967 50
763 1900 1286 1968 commemoravit
1330 1901 1514 1967 modo
1569 1903 1985 1986 retulissent,
2049 1901 2410 1984 optaverit,
2468 1904 2543 1965 ut
2585 1898 2653 1963 in

342 2015 723 2093 perpetuum
751 2009 1053 2092 populum
1084 2009 1442 2075 Romanum
1486 2010 1554 2075 in
1596 2011 1736 2078 foro
1779 2012 1961 2094 pacis
1996 2010 2277 2094 negotiis
2307 2013 2654 2076 vacantem

344 2122 644 2200 spectare
714 2120 966 2199 posset,
1027 2116 1322 2183 versibus
1387 2119 1697 2186 extremis
1752 2121 1818 2185 in
1884 2118 2193 2199 Mamuri,
2256 2115 2426 2200 signi
2467 2115 2657 2180 aenei

347 2226 620 2293 artificis
660 2225 918 2290 laudem
968 2226 1069 2290 ita
1113 2223 1435 2307 deflectit,
1489 2231 1565 2291 ut
1609 2226 1836 2294 ultimo
1878 2246 2072 2294 versu
2130 2230 2341 2292 totum
2396 2240 2657 2290 carmen

348 2354 659 2419 perorans
703 2334 914 2414 qualis
957 2335 1048 2399 sit
1089 2333 1292 2415 ipsius
1336 2338 1574 2400 natura
1621 2340 1691 2401 et
1734 2336 1986 2402 indoles
2027 2335 2265 2400 iterum
2306 2331 2569 2398 indicet.

547 2444 668 2510 His
726 2442 1036 2524 expositis
1082 2447 1264 2509 certa
1309 2443 1789 2525 compositionis
1817 2444 1987 2511 ratio
2028 2443 2222 2512 facile
2247 2438 2653 2524 perspicitur.

343 2553 578 2619 Tribus
626 2539 795 2618 enim
838 2555 1048 2617 totum
1093 2569 1353 2617 carmen
1395 2551 1769 2618 continetur
1789 2552 2106 2634 partibuS,
2150 2568 2419 2632 quarum
2462 2567 2654 2614 unam

343 2660 638 2728 efficiunt
680 2678 786 2727 vv.
840 2665 1066 2741 1—2o‚
1115 2660 1391 2725 alteram
1438 2678 1545 2727 vv.
1593 2665 1881 2744 21—-48,
1928 2659 2194 2726 tertiam
2237 2678 2341 2725 vv.
2383 2662 2533 2723 49-
2557 2661 2657 2724 64.

342 2772 560 2851 Atque
603 2769 777 2834 inter
822 2767 1115 2852 singulas
1156 2769 1276 2833 has
1294 2817 1310 2850 ,
1377 2787 1539 2848 quas
1585 2769 1855 2835 distinxi
1899 2773 2126 2851 partes
2186 2787 2264 2832 ea
2307 2765 2660 2832 intercedit

341 2879 532 2961 ratio,
579 2882 653 2944 ut
693 2878 910 2943 altera
953 2876 1062 2944 vel
1086 2876 1298 2943 media
1345 2877 1651 2943 carminis
1693 2895 1847 2959 pars
1882 2895 2020 2942 rem
2061 2876 2269 2958 ipsam
2311 2876 2419 2942 vel
2465 2892 2656 2957 argu-

341 2990 629 3052 mentum
670 2985 895 3067 ipsum,
942 2984 1027 3050 ad
1072 2987 1239 3066 quod
1282 2985 1741 3051 illustrandum
1784 2989 1989 3052 totum
2038 3003 2298 3051 carmen
2343 2988 2446 3049 est
2492 3001 2657 3047 com-

345 3094 652 3188 positum,
713 3093 921 3174 prima
981 3092 1398 3176 prooemium,
1461 3094 1665 3160 tertia
1722 3093 2196 3176 perorationem
2232 3092 2419 3158 huius
2460 3090 2661 3173 ipsius

345 3201 715 3287 argumenti
785 3200 1106 3266 exhibeat.
1219 3201 1484 3266 Etenim
1549 3221 1698 3289 cum
1763 3221 2025 3268 carmen
2088 3221 2161 3268 eo
2232 3200 2498 3266 consilio
2572 3198 2661 3264 sit

343 3311 676 3392 scriptum,
723 3313 797 3374 ut
823 3326 986 3390 quae
1011 3311 1188 3374 esset
1211 3307 1558 3375 Vertumni
1613 3310 1717 3377 dei
1740 3309 2014 3376 nominis
2034 3309 2175 3392 rigo
2202 3308 2659 3390 explicaretur,

344 3418 464 3486 hoc
507 3418 713 3500 ipsum
751 3423 948 3499 poeta
993 3433 1239 3482 summa
1283 3421 1429 3484 arte
1488 3418 1587 3484 ita
1628 3424 2010 3500 praeparat,
2066 3422 2141 3483 ut
2189 3415 2455 3482 consilio
2496 3434 2557 3482 v.
2624 3421 2655 3480 1

344 3529 664 3608 indicam,
725 3530 1064 3608 postquam
1112 3543 1218 3592 vv,
1269 3531 1434 3592 3-9
1483 3527 1590 3592 dei
1632 3527 1942 3608 patriam,
1990 3526 2227 3599 sedem,
2270 3524 2403 3590 alia
2443 3525 2662 3590 adum-

344 3638 590 3719 bravit,
648 3634 942 3702 versibus
961 3685 977 3716 ,
1042 3633 1152 3714 qui
1194 3639 1552 3714 sequuntur
1610 3635 1816 3701 falsas
1872 3634 2147 3700 nominis
2191 3615 2660 3714 explicationes

343 3745 592 3812 refutet
647 3760 997 3822 veramque
1056 3740 1330 3807 nominis
1392 3760 1655 3808 causam
1712 3743 2036 3824 prolatum
2096 3741 2175 3806 iri
2240 3760 2299 3808 v.
2356 3747 2438 3808 20
2496 3758 2651 3822 pro-

344 3853 618 3919 nuntiet.
732 3850 855 3916 His
923 3854 1144 3916 autem
1204 3850 1577 3931 praemissis
1634 3869 1775 3916 cum
1850 3850 1935 3915 ad
1994 3849 2389 3932 propositum
2448 3846 2655 3929 ipsum

343 3968 670 4042 tamquam
712 3958 885 4026 viam
929 3957 1052 4024 sibi
1101 3959 1466 4041 aperuerit,
1527 3977 1631 4026 vv.
1679 3964 1756 4024 21
1781 3997 1855 4008 --
1878 3962 1961 4024 48
2016 3959 2185 4024 unde
2240 3958 2327 4022 sit
2385 3954 2659 4021 nominis

342 4071 525 4154 origo
575 4069 932 4151 repetenda
991 4067 1262 4148 profert.
1349 4066 1568 4150 Quare
1614 4085 1718 4134 vv.
1790 4072 1820 4132 1
1843 4105 1921 4115 -—
1945 4071 2027 4132 20
2072 4065 2495 4148 prooemium,
2550 4081 2655 4131 vv,

345 4182 619 4246 21—48
683 4179 1135 4260 argumentum
1194 4175 1402 4257 ipsum
1447 4174 1767 4241 contineri
1824 4175 2068 4257 liquet,
2116 4176 2172 4240 si
2218 4193 2297 4240 ea
2355 4177 2458 4238 est
2514 4193 2655 4256 pro-

343 4286 533 4353 oemii
576 4290 847 4367 natura,
906 4288 982 4349 ut
1024 4283 1215 4365 illud,
1277 4282 1361 4349 ad
1405 4285 1573 4363 quod
1617 4288 1877 4364 spectat
1918 4286 2127 4348 totum
2170 4300 2430 4348 carmen
2473 4300 2656 4363 prae-

342 4400 565 4479 paret,
631 4393 1028 4476 argumenti,
1088 4393 1257 4472 quod
1313 4391 1570 4474 proprie
1628 4391 1927 4473 dicimUS,
1994 4395 2069 4456 ut
2139 4390 2307 4472 quod
2376 4389 2678 4455 carmine*

353 4507 797 4573 demonstrare
857 4500 1064 4567 voluit
1125 4505 1319 4582 poeta
1379 4499 1732 4566 contineat.
1837 4499 2065 4568 Tertia
2139 4498 2415 4578 denique
2471 4501 2660 4582 parte
